1948 2679
541 242 614 290 346
892 239 1277 278 BRAcmosz.

589 342 688 378 Testa
704 341 900 390 crystallina,
929 344 1046 383 omlis,
1074 343 1231 385 biv-alvis,
1254 344 1348 391 apice
1374 345 1590 390 emarginata,
1615 342 1672 380 seu

487 396 643 441 utrinque
659 405 818 427 mucrone
839 405 992 427 excavato
1010 396 1182 427 terminata
1208 405 1338 434 (cavum
1366 393 1429 428 hoc
1452 395 1589 429 valvulis
1614 394 1672 429 {ibi

488 441 756 478 incumbentibus
772 441 927 482 debetur,
955 443 1217 490 animalculoque
1233 454 1386 491 correpto
1405 447 1439 477 in
1461 442 1672 491 conspeRum

488 492 590 537 subit)
617 490 739 539 postice
764 492 957 535 rorundara,
987 491 1096 526 medio
1122 494 1272 537 margine
1299 490 1412 531 incisa,
1439 505 1508 539 quae
1532 491 1672 527 incisura

489 541 588 576 cauda
603 541 788 575 animalculi
798 541 994 588 plerumque
1010 542 1151 586 tegitur3
1177 553 1250 575 area
1266 540 1350 575 testae
1365 541 1502 576 lateralis
1517 543 1674 576 interme-

489 591 549 625 diae
565 590 604 625 ab
620 590 814 624 animalculo
833 601 995 637 occupatae
1019 590 1246 634 magnitudine
1270 591 1399 635 aequalis
1420 603 1518 624 vacua
1539 591 1570 625 ἃ·
1596 591 1673 637 hya-

488 640 555 674 lina
572 638 647 674 solis
666 638 901 672 membranulis
916 636 1145 676 subtilissimis,
1172 636 1227 671 scu
1243 636 1379 671 vasculis
1406 637 1674 685 pellucidissimis,

489 700 644 723 truncum
661 685 890 725 ambientibus,
917 688 950 720 in
966 686 1121 720 omnibus
1138 698 1204 721 non
1221 698 1311 732 atque
1323 684 1514 733 conspicuis,
1543 687 1676 722 instruc-

489 748 520 771 ta
540 737 593 776 est,
649 738 757 783 Caput
773 735 805 769 ὅτ
825 747 960 769 truncus
974 734 1149 770 indistinffi
1165 760 1172 774 ‚
1201 736 1366 775 continui,
1391 735 1561 769 latitudine
1577 749 1679 783 aequa·

490 786 558 825 les,
587 785 726 825 carnofi,
754 783 1042 827 subflavescentes3
1067 784 1121 818 hic
1136 783 1263 819 torosus
1289 784 1435 819 medium
1461 783 1546 818 testae
1571 785 1679 830 longi-

490 835 634 870 tudinale
651 846 730 869 occu
758 845 805 876 at;
831 833 912 868 illud
929 835 1021 881 apice
1036 845 1222 867 truncatum
1240 832 1360 881 absque
1378 846 1504 880 organo
1521 834 1681 868 rotatorio

490 885 572 919 ciliis
590 847 810 918 mintltissimis
829 884 988 917 continuo
1008 882 1133 922 vibrat,
1160 881 1338 931 paffimque
1357 884 1543 930 corripitur.
1597 883 1682 917 Cilia

490 934 632 968 lateralia
656 932 798 971 deflexa,
830 930 1027 965 intermedia
1051 930 1146 979 (saepe
1172 931 1339 978 quaelibet)
1368 931 1502 967 strifflm
1529 931 1681 979 poi-resta

490 981 574 1019 sunt.
631 979 804 1016 Musculus
826 979 1032 1026 deglutorius
1050 982 1083 1014 in
1103 982 1206 1015 antica
1217 991 1309 1028 parte
1322 981 1506 1015 animalculi
1523 982 1681 1015 continuo

490 1042 661 1069 movetur,
686 1043 721 1064 ac
746 1027 832 1064 infra
858 1030 946 1064 hunc
972 1031 1139 1064 interanea
1164 1029 1350 1064 veficularia
1374 1031 1557 1064 alternatim
1580 1031 1681 1064 corri-

489 1082 630 1129 piuntur
650 1080 681 1114 ὅ(
703 1079 887 1115 dilatantur.
946 1079 1055 1112 Cauda
1072 1079 1140 1113 alba
1160 1077 1307 1117 carnosa,
1333 1079 1532 1125 aliquantum
1552 1077 1681 1124 rugosa,

490 1130 566 1164 setis
582 1128 637 1163 seu
655 1128 743 1176 stylis
768 1128 896 1162 duobus
925 1127 1090 1162 flexilibus
1118 1140 1208 1161 extra
1231 1127 1340 1161 testam
1369 1126 1527 1176 protenlis
1554 1126 1679 1163 finitur.

490 1178 559 1215 Bafi
585 1178 690 1212 cau'dae
715 1177 938 1226 appendiculae
959 1176 1044 1211 binae
1071 1176 1208 1214 obtusae‚
1246 1177 1355 1222 quales
1383 1190 1418 1211 in
1447 1176 1505 1213 Tr.
1527 1176 1677 1215 Pocillo‚

490 1229 527 1264 in
546 1226 740 1275 quibusdam
757 1226 1018 1274 conspiciuntur,
1048 1227 1082 1259 in
1100 1227 1169 1260 aliis
1193 1224 1298 1260 abesse
1323 1226 1495 1267 Videntur,
1519 1237 1560 1260 an
1587 1227 1678 1271 geni-

491 1278 565 1312 talia
582 1274 706 1316 maris,'
724 1277 830 1323 qualia
848 1277 883 1309 in
902 1275 1071 1309 nonnullis
1087 1274 1266 1323 Daphmis
1289 1273 1426 1309 adsunt?

596 1338 720 1376 Poterit
739 1339 816 1374 effe:
841 1343 913 1375 Der
930 1340 1094 1379 Flt'mder,
1119 1343 1216 1375 Eicu.
1239 1339 1390 1388 microfi.
1416 1351 1453 1387 p.
1472 1351 1530 1386 30.
1553 1350 1577 1375 t.
1597 1351 1628 1377 2.
1651 1336 1677 1378 f·

491 1392 540 1427 H.
558 1402 588 1424 at
606 1389 705 1424 cauda
722 1391 756 1423 in
774 1389 837 1424 hoc
853 1389 1000 1436 diphylla
1020 1388 1074 1425 est.

590 1457 630 1489 In
649 1452 809 1503 paludosis
831 1454 918 1488 inter
939 1453 1131 1501 Congfervas
1145 1450 1268 1501 parlim.

643 1558 717 1604 Fig.
745 1569 774 1593 1.
798 1554 925 1594 Brach.
944 1555 1104 1596 malem,
1133 1556 1214 1590 ciliis
1241 1554 1426 1590 lateralibus
1450 1554 1605 1598 deflexis,
1630 1557 1679 1593 in-

890 1616 1054 1640 natantem
1065 1629 1072 1644 ‚

745 1668 778 1695 2.
807 1654 961 1693 eundem,
988 1655 1068 1689 ciliis
1085 1653 1240 1688 omnibus
1252 1652 1424 1702 porreffis,
1449 1652 1679 1700 quiescentem,

745 1709 778 1750 ’3.
804 1703 946 1739 eundem
964 1705 1045 1738 ciliis
1062 1704 1221 1743 conditis,
1248 1702 1338 1739 aufi‘ta
1354 1703 1598 1750 magnitudine,
1625 1717 1678 1740 ex-

889 1752 1015 1788 hibent.

889 1815 915 1837 a.
948 1806 1129 1837 Macrones
1147 1802 1231 1837 testae
1249 1804 1364 1842 antice,

889 1851 923 1887 b.
950 1851 1066 1886 Incisio
1084 1852 1167 1886 testae
1183 1852 1315 1900 postice.

891 1913 917 1937 c.
945 1902 1029 1935 Cilia
1043 1900 1179 1935 deflexa.
1232 1902 1263 1939 d.
1288 1899 1402 1937 strista.

892 1961 920 1987 e.
939 1949 1110 1986 Masculus
1120 1952 1333 1999 deglutoriuS.
1383 1947 1406 1988 f.
1425 1949 1675 1988 Membranulae.

1495 2067 1526 2102 g.
1544 2057 1626 2090 Cau-
