1948 2679
664 230 1006 276 LEUssOPHRA.
1301 246 1370 280 149

244 334 279 367 in
294 333 398 367 nostra
415 330 528 369 n‘uflae‚
553 330 726 378 radiosque
748 343 789 366 ne
814 332 848 366 in
872 330 940 378 ipsa
963 342 1070 365 morte
1094 331 1259 373 exserere,
1286 343 1422 371 omnem

243 382 318 415 licet
333 392 465 427 operam
478 379 627 426 pluribus
645 379 927 415 observationibus
941 380 1187 427 impenderem,
1212 383 1324 416 videre
1348 397 1423 420 con-

243 430 332 473 tigit,
364 429 439 461 licet
466 427 572 461 radios
607 428 815 462 cadaveribus
852 429 1123 463 animalculorum
1160 431 1423 468 evanescentium

242 475 353 524 paffim
371 476 551 522 adjacentes
565 476 651 510 haud
667 489 740 511 raro
762 475 1003 510 observaverim
1016 501 1025 515 ‚
1050 478 1110 511 hos
1128 490 1209 512 vero
1225 480 1335 526 potius
1352 492 1424 515 eva-

242 525 408 572 porationi
433 525 464 559 ὅ(
484 523 738 571 crystallisationi
765 525 908 564 humidi,
937 537 1034 571 quam
1052 528 1198 573 ruptioni
1218 539 1272 561 aut
1290 527 1425 564 struGu·

244 587 285 607 rae
303 573 573 607 animalculorum
593 573 783 608 tribuendos
800 572 860 607 effe
877 573 1015 612 credidi,
1044 574 1176 609 demum
1191 587 1300 610 tamen
1315 576 1423 612 obser-

244 622 338 661 vavi,
369 622 457 668 quod
474 624 509 656 in
529 634 633 667 agone
647 625 763 656 mortis
783 623 853 656 cilia
870 621 1036 656 exiliffima
1055 624 1089 656 in
1106 626 1254 670 margine
1268 624 1425 661 fluffluan-

245 674 286 704 xia
303 669 506 717 spcstentur‚
539 670 749 717 vesiculaeque
781 670 1009 718 pellucidiores
1031 671 1063 706 ἃ
1082 672 1167 719 quasi
1188 686 1348 719 argenteae
1372 688 1426 723 ap·

241 730 394 766 pareanr;
423 718 634 753 Individuum
656 721 752 753 etiam
771 720 847 753 huic
865 719 1065 753 fimillimum
1088 723 1229 756 maxima
1254 723 1427 771 amplifica-

241 769 331 801 tione
350 767 445 802 radiis
463 766 672 802 subtiliffimis
691 768 909 814 inaequalibus'
919 768 1115 802 micantibus
1141 772 1325 806 innumeris
1349 786 1426 807 con-

239 813 332 850 fertis
350 818 384 850 in
401 817 485 850 vivis
501 815 644 850 cinfihnn
663 815 761 850 semel
777 816 855 852 vidi.
907 820 1002 863 Aqua
1013 817 1168 858 exhalata,
1184 832 1252 854 non
1267 822 1302 855 in
1319 823 1421 857 mole-

243 865 329 899 culas
342 863 540 903 effunditur,
569 863 623 898 sed
637 864 758 911 absque
773 866 928 912 ruptione
944 867 1103 911 marginis
1124 867 1269 915 persistit.

341 930 381 963 In
398 926 561 963 infusione
575 927 751 974 vegetabili
768 928 856 962 haud
872 926 1040 974 frequens.

408 1031 480 1075 Fig.
502 1042 533 1064 2.
560 1030 662 1066 Leuc.
679 1030 957 1076 Wstculfferam,
991 1033 1195 1079 ampliatam,

505 1089 539 1123 3.
566 1077 659 1113 valde
679 1078 883 1126 ampliatam,
920 1078 1073 1116 reddunt.

412 1254 508 1303 158,
542 1248 892 1293 LEUCOPHRA
927 1262 1254 1296 GLoBULIFERA,

335 1358 608 1401 LEUCOPHRA
637 1358 876 1414 crystallina,
911 1359 1253 1416 ovato-oblonga.
1321 1363 1417 1405 Tab.

243 1413 375 1455 XXII.
397 1413 479 1468 Fig.
498 1425 539 1467 4.

347 1522 476 1569 Corpus
496 1532 596 1562 teres,
627 1520 954 1568 ovato-oblongum,
991 1520 1274 1571 pellucidiffimum
1300 1525 1422 1574 absque

244 1566 420 1604 interaneis
437 1570 703 1610 molecularibus,
731 1582 797 1605 tres
819 1582 942 1605 tantum
964 1572 1088 1616 globuli
1108 1573 1263 1619 pellucidi
1282 1574 1318 1608 in
1341 1573 1422 1610 serie

243 1617 473 1663 longitudinali
492 1619 628 1652 alterum
645 1621 828 1663 marginem
845 1618 972 1659 versus,
1001 1622 1179 1655 anteriores
1205 1625 1423 1668 approximati

243 1665 326 1702 sunt.
379 1666 486 1700 Radiis
503 1665 694 1701 breviffimis
711 1667 856 1713 undique
875 1667 1012 1702 obfitum
1039 1669 1099 1715 est‚·
1127 1670 1162 1703 hi
1188 1673 1276 1704 enim
1301 1670 1368 1705 sub.
1387 1686 1422 1707 n.

242 1727 277 1760 3.
301 1713 448 1749 microsc.
489 1713 640 1762 fimplicis
663 1716 810 1760 margine
839 1717 957 1749 micare
994 1728 1164 1752 momento
1186 1718 1358 1759 videntur,
1385 1734 1420 1755 ac

243 1776 283 1798 ex
301 1763 416 1797 umbra
437 1760 546 1808 fugaci
565 1766 600 1798 in
617 1764 742 1811 reliquo
770 1775 910 1812 corpore
936 1764 1104 1811 praesentia
1131 1766 1163 1800 ἃ
1189 1766 1277 1801 lusus
1301 1780 1417 1804 eorun-

243 1813 317 1847 dem
345 1811 528 1858 conjicitur.
581 1811 769 1860 Composito
793 1813 986 1858 investigare
1012 1815 1239 1849 animalculum
1268 1817 1420 1852 vivaciffi-

244 1873 335 1896 mum
352 1860 436 1894 haud
452 1861 557 1900 licuit,
585 1860 672 1895 idem
691 1872 798 1895 tamen
814 1862 867 1895 vel
883 1863 1024 1896 maxime
1040 1861 1135 1897 affine
1146 1865 1195 1904 iis,
1222 1877 1292 1911 qvae
1309 1865 1419 1915 Qed-

243 1908 400 1993 lz'ngmrgi
417 1921 492 1946 cum
507 1910 617 1945 amicis
630 1911 667 1946 in
681 1910 854 1946 intestinali
863 1911 970 1948 Ranae
984 1923 1082 1947 muco
1099 1911 1283 1953 observavi,
1312 1915 1420 1951 nullus

245 1958 287 1992 du
313 1959 369 1993 ito.

827 2025 860 2057 T
872 2036 892 2069 3
1232 2026 1371 2063 Videtur
