1948 2679
479 690 840 737 PRAEFATIO
874 691 1232 736 AUCTORIS.

272 755 394 951 Si
427 844 519 887 quae
553 830 604 872 de
636 828 883 872 animalculis
916 827 1135 883 Infitfiariis
1168 828 1244 870 diei
1283 829 1485 883 poffunt,'

416 919 672 958 enarrentur,
708 906 972 962 verbaque&
989 906 1208 949 oculorum
1235 907 1337 948 acies
1366 905 1466 948 suffi-

277 997 434 1033 cerent,
469 983 627 1023 dicendi
644 982 777 1023 nullus
795 983 882 1023 finis
900 983 1003 1022 effe&
1070 983 1468 1036 Paueiffimamagni-

276 1060 447 1104 floentiae
465 1056 507 1107 δι
526 1054 745 1110 splendoris
769 1055 965 1096 Numinis
987 1058 1130 1110 optimi
1155 1058 1321 1098 maximi
1348 1057 1472 1100 docu-

280 1149 418 1181 menta
435 1120 609 1190 prodere
629 1146 744 1175 mens
764 1131 942 1177 humana
963 1133 1089 1187 valet,
1123 1135 1164 1176 in
1183 1133 1368 1189 plurimis
1395 1136 1470 1177 stu-

282 1227 354 1272 pet
369 1214 411 1257 &
434 1208 685 1255 obmutescit.

412 1365 598 1410 Mundus
614 1364 891 1418 invisibilium,
924 1366 1146 1422 majoribus
1162 1367 1354 1420 occlusus,
1388 1382 1479 1411 cen-

288 1459 378 1491 tum
406 1444 552 1488 abhinc
576 1444 688 1486 annis
713 1442 756 1485 81
792 1443 904 1500 quod
938 1448 1114 1488 excurrit
1132 1477 1142 1497 ‚
1203 1446 1298 1488 adiri
1327 1448 1481 1501 coepit5

289 1524 495 1574 Monstra,
529 1520 660 1563 forma
676 1520 717 1562 8<
736 1522 825 1562 vitae
841 1523 993 1564 ratione
1015 1523 1214 1574 inaudita,
1248 1524 1336 1574 alit,
1369 1526 1485 1565 mira-

293 1602 476 1656 culisque
492 1612 607 1654 aeque
633 1597 831 1647 abundat,
866 1611 910 1639 ae
937 1611 1094 1639 remota
1118 1599 1322 1641 Indiarurn
1348 1599 1486 1651 tellus,

292 1677 443 1718 minori
465 1686 562 1714 vero
580 1674 760 1726 periculo
782 1673 1061 1727 perlustratur,
1096 1673 1249 1731 ubique
1269 1677 1377 1716 enim
1397 1687 1488 1718 ante

294 1751 420 1809 pedes
437 1750 578 1804 praesto
596 1750 671 1801 est,
705 1763 781 1791 nec
800 1752 882 1792 auri
899 1748 1008 1792 fame
1037 1750 1185 1794 visitur.
1252 1751 1488 1809 Utrumque

298 1829 425 1872 multa
445 1826 667 1869 incolarum
692 1827 818 1882 strage
843 1829 1119 1883 conquisitum
1154 1828 1240 1871 haee
1268 1843 1366 1871 vero
1393 1830 1492 1885 faepe

299 1909 392 1949 vitae
416 1904 693 1960 aggressorum
720 1903 924 1958 dispendio
951 1906 1142 1960 constitit,
1175 1906 1238 1949 ille
1261 1920 1372 1949 mera
1397 1910 1494 1962 pati-

303 1985 406 2026 entIa
421 1993 692 2037 eomparatur.
758 1982 939 2026 Aeiculae
957 1982 1150 2038 alterum,
1183 1998 1274 2041 quae
1301 1984 1408 2027 orbis
1422 1997 1495 2028 ter-

898 2059 924 2101 b
1294 2075 1432 2105 rarum
