1948 2679
549 251 626 289 180
927 242 1238 284 ‘TRICHODA;

782 349 883 403 196.
916 351 1220 394 TRICHODA
1254 362 1413 394 ΜΕΤΑ.

575 461 821 503 TmcHonA
845 460 1043 515 oblonga,
1078 461 1193 502 dorso
1218 461 1522 515 protuberante‚
1555 464 1684 505 antiee

498 517 623 558 ciliata
645 547 655 566 ‚
707 517 1022 558 extremitatibus
1050 516 1211 560 obtusis,
1280 517 1380 560 Tab,
1410 516 1549 558 XXV.
1592 517 1680 574 Fig.

502 581 692 625 11—15.

607 678 722 716 Trich.
759 678 908 715 Gihlmm
938 679 1025 713 haud
1044 690 1161 726 parum
1181 676 1300 718 refert,
1325 691 1465 728 corpore
1489 691 1683 717 autemnon

495 728 622 768 striato,
661 741 720 763 nec
749 728 951 775 crystallino,
991 728 1101 763 medio
1124 731 1212 763 intus
1234 729 1379 774 granulis
1407 729 1594 778 compaffco,
1620 743 1683 766 nec

496 777 609 812 subtus
628 776 758 816 sulcato,
785 775 903 813 differt.

599 845 729 891 Corpus
746 853 830 876 teres
849 840 1116 888 subelongatum,
1141 842 1250 876 medio
1278 841 1507 887 gmnulosum,
1528 845 1632 878 amice
1650 844 1683 879 ὅ(

495 892 618 942 postice
632 892 805 939 hyalinum
825 891 857 927 s&
871 890 1034 926 obtusum.
1090 893 1190 931 Cilia,
1218 891 1336 938 quibus
1355 893 1445 939 apice
1463 894 1568 932 micat,
1595 903 1682 939 aegre

494 941 731 990 perceptibilia.

600 1007 712 1041 Variat
743 1005 892 1053 corporis
921 1004 1031 1039 medio
1058 1001 1246 1055 incrassato,
1271 1004 1374 1039 rarius
1398 1002 1569 1048 ventros0;
1597 1005 1681 1048 vidi,

496 1055 616 1103 quibus
637 1054 784 1088 medium
805 1053 997 1089 ventrosum
1019 1055 1052 1088 in
1073 1053 1210 1099 globum
1238 1053 1435 1098 augebatur,
1461 1054 1607 1102 adeoque
1627 1068 1681 1090 ex-

496 1103 676 1143 tuberabat,
701 1116 737 1137 ut
753 1117 827 1151 pars
851 1103 972 1151 postica
988 1103 1117 1149 liyalina
1132 1103 1285 1150 papillam
1302 1102 1451 1137 simulans
1463 1106 1594 1150 penitus
1610 1117 1682 1138 eva-

496 1156 624 1194 nuerit,
654 1153 870 1187 nihilominus
888 1152 1117 1185 animalculuin
1143 1152 1218 1186 hinc
1239 1152 1271 1185 ὅ(
1298 1152 1387 1186 illinc
1417 1154 1603 1186 concitatirn
1628 1166 1682 1187 na-

495 1203 592 1238 tabat.
645 1204 736 1237 Huic
752 1203 972 1250 pliaenomeno
990 1203 1134 1235 intentus
1158 1200 1351 1247 sphaerulam
1377 1201 1590 1247 crystallinam
1611 1202 1681 1247 glo-

495 1250 532 1288 bi
554 1251 751 1286 diametrum
774 1247 844 1285 fere
864 1261 1044 1296 aequantem
1062 1250 1183 1297 postice
1203 1261 1220 1283 e
1233 1249 1366 1295 globato
1386 1260 1503 1284 ventre
1518 1250 1682 1298 protrudi,

499 1312 673 1347 cutemque
690 1300 896 1344 granularem
914 1300 1039 1333 ventris
1055 1311 1072 1332 a
1093 1297 1251 1346 sphaerula
1268 1297 1392 1332 lubrica
1417 1300 1540 1333 exitum
1556 1310 1683 1334 nitente

495 1349 612 1385 senfim
629 1348 745 1390 delabi,
773 1348 922 1395 hancque
939 1347 1072 1384 demum
1088 1347 1238 1381 decidere
1248 1347 1384 1381 liberam
1397 1346 1560 1394 conspexi.
1589 1351 1680 1382 Tum

495 1411 616 1447 corpus
641 1398 818 1432 Trichodae
837 1396 960 1445 postice
989 1397 1173 1434 dilatatum,
1208 1407 1392 1430 truncatum
1416 1397 1447 1430 8<
1474 1397 1678 1436 laciniatum,

496 1448 661 1496 apparuit,
688 1449 872 1493 ingensque
896 1457 1044 1493 apertura
1068 1444 1233 1492 paulisper
1256 1443 1323 1479 visa
1346 1445 1407 1483 est,
1435 1444 1547 1480 sensim
1571 1457 1682 1481 tamen

496 1495 749 1541 cori-ugabatur‚
778 1508 813 1530 ac
833 1494 926 1529 brevi
948 1496 981 1528 in
1006 1496 1173 1542 pristinam
1198 1492 1340 1528 formam
1368 1494 1538 1540 aliqualem
1559 1495 1681 1542 produ-

495 1546 647 1586 cebatur-3
694 1545 924 1578 animalculum
949 1545 1102 1582 interim,
1132 1542 1218 1589 quasi
1243 1542 1325 1577 nihil
1350 1542 1525 1582 accidisset,
1566 1541 1681 1578 festive

495 1595 674 1632 cursitavit,
703 1605 833 1640 partum
862 1604 972 1626 tamen
1000 1590 1054 1626 seu
1081 1593 1230 1625 ovat-ium
1251 1603 1442 1638 nuperrime
1453 1594 1586 1626 enixum
1603 1605 1679 1628 erat.

496 1643 662 1693 Sphaerula
680 1640 735 1676 seu
754 1642 903 1676 ovarium
925 1639 1019 1676 solito
1045 1643 1193 1690 corporis
1221 1640 1381 1675 diametro
1401 1643 1508 1688 majus
1531 1643 1567 1676 in
1589 1653 1696 1690 guttg

497 1706 585 1742 aquae
602 1689 787 1740 depressum
804 1691 964 1739 apparuit.

598 1759 638 1792 In
655 1768 737 1804 aqua
754 1756 879 1790 marina
894 1753 952 1789 sub
969 1755 1115 1789 medium
1137 1754 1338 1803 Septembris
1362 1762 1466 1802 1782.
1485 1756 1604 1804 reperi.

649 1863 723 1907 Fig.
744 1873 798 1898 11.
832 1858 946 1897 Trich.
974 1860 1134 1899 Foetam,
1158 1859 1409 1907 cylindraceam‚

752 1923 805 1947 12.
835 1910 946 1944 medio
964 1907 1165 1948 ventrosam,

746 1973 804 2005 13.
832 1957 1001 2005 globosam
1019 1957 1074 1993 seu
1095 1968 1338 2008 praegnantcm‚

750 2021 807 2055 14.
838 2010 1013 2049 Ovarium,
