1948 2679
506 230 555 267 33
842 216 1247 257 PARAMAECIUM.

558 330 650 377 Saepe
671 335 805 375 quoque
821 328 961 360 anticam
980 320 1109 373 postica:
1127 325 1259 358 alterius
1283 323 1446 359 adhaerere
1471 325 1559 369 vidi3
1583 324 1650 362 hoe

458 377 531 415 casu
543 404 551 419 ‚
576 376 734 413 divisione
750 375 823 411 fere
842 373 991 424 penita,
1020 374 1288 421 animalculisque
1310 373 1434 422 puniio
1451 386 1578 410 tantum
1596 388 1648 411 co-

458 428 676 466 haeremibus,
705 426 826 474 postica
840 427 962 473 prioris
979 422 1093 457 obtusa
1108 434 1194 463 erat,
1219 424 1366 458 nondum
1384 422 1503 459 scilicet
1528 429 1563 459 in
1578 438 1649 459 acu-

459 491 537 514 men
560 477 692 512 solitum
723 474 910 513 efformata,
945 472 1135 520 posterioris
1164 485 1245 507 vero
1269 476 1459 514 acuminata,
1486 477 1534 508 uti
1558 474 1651 515 solet,

461 529 547 574 (crat
571 528 660 561 enim
684 526 795 559 matris
822 522 976 558 derelicta
1003 522 1093 570 pars)
1121 522 1276 569 plicaeque
1299 525 1335 558 in
1357 523 1537 570 posteriore
1562 524 1650 558 rudi-

460 588 612 612 mentum
635 575 760 616 aderat3
790 585 927 620 utraque
949 574 984 606 in
1015 570 1193 606 cohaesione
1216 573 1312 607 unius
1334 573 1448 607 adultae
1472 573 1650 618 longitudi-

459 639 536 661 nem
553 636 676 672 aequm,
704 625 800 662 hinc,
827 625 876 656 uti
904 634 995 657 extra
1020 620 1274 656 controversiam
1296 621 1357 662 est,
1383 621 1598 657 cohaefioncm
1615 623 1651 657 in

460 675 707 721 longitudinem
725 671 917 707 divisionem
938 671 1036 704 unius
1054 671 1089 704 in
1115 671 1180 705 duo
1204 671 1397 705 animalcula
1423 672 1584 710 indicare,
1610 670 1653 705 {ic

461 726 606 759 maxime
623 722 796 770 probabile
811 720 875 759 est,
902 719 1117 754 cohaesionem
1137 721 1355 755 collateralem
1383 719 1437 754 seu
1463 721 1652 769 parallelum

459 785 604 820 utroque
623 772 764 806 habente
781 769 1043 816 magnitudinem
1062 767 1187 803 solitam
1214 770 1245 804 ἃ
1266 771 1488 807 latitudinem,
1513 769 1575 804 effe
1595 782 1653 803 ve-

459 836 530 857 ram
553 821 826 856 animalculorum
851 819 1022 866 copulam,
1056 831 1154 865 quam
1180 818 1373 854 sententiam
1396 819 1531 867 insuper
1558 831 1652 853 exor-

460 883 516 907 nat
536 870 692 907 festivitas
710 870 740 904 ὃ(
759 868 846 903 lusus
863 868 1065 902 radiolorum
1088 867 1390 902 vehementiffimus
1414 869 1448 902 in
1461 871 1627 915 utroque.

561 935 686 970 Lusum
715 944 873 980 praeterea
907 932 1050 966 duorum
1081 932 1351 971 individuorum,
1382 932 1499 966 adultis
1524 931 1655 967 cohabi-

461 985 606 1021 tantibus
625 984 728 1031 duplo
745 982 957 1021 breviorum,
982 982 1093 1030 paucis
1124 982 1261 1016 minutis
1294 983 1533 1029 contemplatus
1564 981 1655 1024 sum;

462 1033 626 1071 Punaum
643 1032 939 1081 approximationis
954 1031 1020 1076 jam
1035 1028 1194 1078 superne,
1218 1031 1286 1076 jam
1311 1032 1346 1064 in
1372 1031 1500 1070 medio,
1524 1031 1655 1065 videba-

462 1097 533 1124 tur,
573 1093 778 1130 corporaque
801 1081 867 1126 jam
892 1079 1061 1127 parallele,
1106 1091 1184 1113 mox
1209 1078 1417 1113 transverfim
1439 1081 1473 1113 in
1501 1092 1654 1120 crucem,

463 1134 522 1169 fibi
556 1130 814 1169 incumbebant,
861 1129 1004 1175 denique
1031 1127 1134 1162 soluta
1155 1127 1374 1162 diicefferunt.
1455 1128 1555 1162 Aliud
1578 1142 1656 1175 par,

462 1183 604 1218 cundem
622 1181 737 1215 ludum
756 1191 855 1224 agens
869 1203 876 1217 ‚
903 1190 966 1226 ope
983 1179 1133 1212 miximae
1160 1179 1435 1223 augmentationis
1458 1189 1555 1211 muco
1576 1189 1656 1224 quo-

463 1233 538 1266 dam
558 1233 644 1265 inter
662 1231 766 1263 antica
791 1240 971 1275 corporum
998 1227 1180 1265 cohaerere,
1213 1227 1388 1274 variosque
1413 1238 1523 1260 motus
1552 1228 1663 1266 ciere,-

463 1279 776 1327 deniquehberari,
800 1277 878 1310 vidi.
936 1279 1018 1310 Haee
1043 1274 1177 1309 cohmfio
1193 1277 1249 1310 vix
1274 1275 1377 1323 potest
1400 1273 1461 1310 effe
1485 1281 1657 1321 generatio

462 1342 524 1378 per
542 1327 755 1367 divisionem,
784 1338 859 1360 cum
876 1325 1024 1360 nondum
1044 1324 1080 1359 ad
1099 1325 1362 1370 magnitudinem
1375 1325 1561 1359 adultorum
1580 1337 1656 1371 pro-

463 1378 556 1414 vesta
580 1375 697 1417 essent,
732 1387 763 1410 at
794 1376 861 1409 hrec
886 1387 1018 1421 quoque
1045 1373 1216 1422 perficitur
1234 1375 1270 1408 in
1300 1374 1411 1410 Naide
1430 1375 1525 1407 marri
1551 1374 1657 1408 adhue

464 1429 666 1466 adhaerente,
695 1426 900 1459 extremitate
916 1436 997 1457 vero
1014 1425 1117 1457 antica
1133 1423 1235 1457 libera
1254 1435 1345 1457 erant
1359 1449 1366 1462 ,
1396 1435 1458 1470 qua
1487 1427 1596 1457 tumen
1622 1425 1657 1457 in

465 1478 680 1524 generatione
698 1475 947 1523 lnjulbriorum
963 1485 1024 1521 per
1041 1472 1233 1508 divisionem
1250 1473 1288 1506 ad
1306 1473 1460 1507 ultimum
1476 1485 1578 1519 usque
1605 1485 1658 1506 co-

464 1530 590 1564 haerere
610 1525 723 1561 solent.
776 1525 926 1569 Utraque
945 1524 1150 1557 extremitate
1169 1522 1227 1556 fibi
1244 1522 1497 1562 incumbebant,
1526 1520 1661 1568 seseque

467 1574 769 1624 amplefiiebantum
797 1574 831 1606 in
851 1570 1008 1606 divisione
1021 1571 1078 1605 fibi
1102 1572 1235 1618 quidem
1254 1572 1438 1616 adhaerere,
1467 1583 1497 1605 at
1524 1583 1584 1606 nec
1609 1573 1658 1605 in-

466 1625 640 1664 cumbere,
667 1635 727 1657 nec
746 1620 900 1669 amplefiii
918 1619 1032 1655 solent.
1086 1623 1236 1655 Duarum
1257 1622 1415 1655 horarum
1440 1619 1542 1668 spatio
1564 1621 1657 1665 junc-

467 1687 515 1710 tas
535 1675 657 1721 absque
676 1673 744 1706 ullo
760 1671 914 1706 distantiae
930 1682 1110 1718 corporum
1130 1672 1241 1705 anticae
1256 1681 1310 1704 aut
1327 1670 1454 1717 posticae
1479 1681 1658 1715 augmento

468 1720 776 1768 observaviLquod
792 1721 949 1754 tamenin
966 1718 1123 1753 divisione
1142 1718 1348 1754 transversali
1366 1719 1397 1754 ὅ(
1427 1719 1658 1764 longitudinali

468 1775 554 1809 clare
570 1771 781 1819 conspicitur.
836 1772 923 1804 Vera
950 1768 1068 1803 dehinc
1092 1770 1210 1817 copula
1227 1769 1286 1808 est.
1314 1769 1540 1818 Aureliaeque
1556 1780 1659 1803 matu-

470 1836 526 1865 re,
553 1823 585 1858 &
599 1834 673 1856 ante
692 1821 825 1868 plenam
839 1818 1114 1864 magnitudinem,
1136 1820 1258 1854 Veneri
1273 1819 1365 1853 litare
1392 1829 1510 1855 amant.

574 1884 741 1922 Ra1·iffime
755 1884 964 1920 individuum
977 1886 1102 1931 reperi,
1131 1886 1183 1918 cui
1200 1883 1262 1918 basi
1279 1882 1356 1918 sulci
1372 1884 1458 1917 inter
1481 1893 1660 1930 utrumque

471 1938 657 1983 marginem
677 1934 841 1983 prostabnt
857 1935 977 1982 papilla
996 1934 1126 1980 hyaliua
1139 1934 1271 1968 vulvam
1293 1932 1474 1969 Cucullum
1493 1930 1658 1972 resti-ens,

472 2001 515 2023 an
532 1988 594 2024 hoc
611 1984 759 2022 foemina
777 1985 928 2034 copulam
950 1995 1126 2032 appetens,
1155 1996 1195 2019 an
1213 1995 1283 2031 quae
1303 1982 1453 2032 copulam
1467 1983 1659 2029 nuperrime

1509 2043 1602 2081 Pssre·
