1948 2679
683 212 714 250 x
725 217 756 250 o
766 216 795 249 L
804 216 828 249 P
840 216 910 250 OD
919 214 962 252 A:
1289 224 1363 266 105

426 319 544 371 '‘109.
586 316 855 361 KOLPODA
893 320 1215 361 coenamus:

321 429 530 470 Kom'onA
555 427 756 481 oblonga,
788 426 890 469 infra
916 430 1073 482 apicem
1096 427 1260 484 oblique
1277 429 1407 473 incisa.

233 484 329 532 Ταῦ.
351 485 440 527 XV.
458 484 542 538 Fig.
562 492 671 536 7-1
685 492 723 525 1.

310 593 440 642 'Kolp.'
460 591 639 629 Cucullum
661 588 784 631 refert,
820 589 1220 636 oblongiusculmamen,
1249 590 1303 626 seu
1327 593 1412 629 nitra

228 642 354 676 evalem
374 641 511 687 figuram
533 638 707 688 produsta,
738 640 882 687 dumque
907 639 1003 674 dorso
1026 641 1167 681 innatat,
1195 642 1315 689 postice
1341 643 1413 688 glo-

228 690 303 725 bosa
321 690 375 725 seu
394 690 513 737 gibba,
541 691 644 724 antica
662 688 772 723 versus
790 690 825 723 in
845 690 987 723 carinam
1007 688 1185 737 compressa
1202 690 1412 738 conspicitur.

213 802 217 804 .
328 771 571 805 Animalculum
588 767 889 818 pellucidiffimurn,
920 768 1159 815 crystallinum,
1183 770 1327 816 globulis
1344 771 1412 819 pel-

226 820 342 855 lucidis
355 820 441 854 binis
465 818 551 854 basin
578 817 689 853 versus
715 819 768 852 vel
792 819 944 866 plurimis
973 817 1082 851 medio
1106 822 1255 866 corporis
1279 820 1413 854 instruc-

180 878 183 881 '
228 879 316 911 tum3
344 871 378 903 in
394 870 515 902 minori
530 880 611 914 aqua
629 868 728 901 latere
751 867 946 901 incumbens
977 866 1120 914 depressa
1139 868 1284 909 videtur,
1314 869 1414 902 abun-

228 918 318 952 danti
336 930 415 952 vero
432 917 528 951 dorso
543 917 649 950 latiori
668 917 874 963 provehitur.
927 917 1043 948 Amice
1068 914 1154 949 infra
1180 919 1305 964 apicem
1332 917 1414 952 finu-

227 967 279 1000 lus
294 965 376 1013 saepe
396 968 450 1000 vix
479 964 650 1004 sensibilis,
688 964 856 999 interdum
878 976 958 999 vero
984 962 1132 999 incisurae
1157 965 1296 1013 obliquae
1315 967 1414 1000 instar

227 1026 401 1048 momento
420 1025 517 1060 patet.

329 1094 452 1130 Motus
467 1092 684 1126 vacillatorius
709 1089 893 1125 anti-orsum
916 1102 949 1125 et
967 1091 1148 1127 retrorsum
1173 1095 1351 1129 concitatus
1378 1096 1414 1131 in

231 1141 343 1181 dorso,
374 1143 408 1176 in
425 1142 524 1175 latere
540 1153 620 1175 vero
639 1141 759 1174 lentior
776 1139 924 1185 gliscens.

331 1225 423 1257 Inter
441 1222 572 1256 millena
588 1233 647 1255 nec
673 1220 977 1259 decorticationem,
1014 1234 1074 1256 nec
1097 1221 1310 1257 cohaefionem
1339 1223 1415 1269 (mi-

232 1275 323 1309 nime
341 1272 548 1306 coalitionem
567 1270 708 1304 duorum
728 1271 762 1303 in
780 1271 898 1315 unum)
921 1282 1065 1317 unquam
1091 1271 1174 1313 vidi;
1202 1271 1283 1319 saepe
1306 1284 1416 1307 tamen

232 1323 315 1361 duo,
340 1333 421 1360 tres,
451 1331 592 1366 quatuor
609 1320 640 1354 ὃ(
661 1319 807 1367 quinque
836 1331 1007 1353 momento
1034 1333 1051 1354 a
1076 1332 1172 1366 tergo
1196 1323 1416 1369 approximati

233 1368 560 1406 circumferebantur.

332 1453 372 1487 In
390 1448 499 1485 infuso
519 1447 645 1486 Sonchi
662 1447 833 1496 Arvenſss
852 1447 992 1483 ouobri
1007 1448 1228 1498 copiofiffime.

399 1554 473 1598 rig.
496 1562 602 1600 7-9.
633 1552 730 1600 Kolp.
751 1551 964 1592 Cucullulos,
991 1551 1087 1586 dorso
1116 1554 1314 1594 innatantes,

552 1614 606 1637 10.
636 1601 736 1634 latere
761 1600 969 1645 gliscentem,

541 1663 596 1686 11.
625 1649 708 1683 duos
725 1661 742 1682 a
767 1661 861 1694 tergo
888 1649 1151 1695 approximatos‚
1176 1648 1268 1685 aussa
1292 1653 1417 1697 magni·

625 1697 756 1736 tudine,
789 1696 945 1745 praebent.

628 1760 654 1784 a,
677 1746 838 1781 Rostrum.
893 1745 913 1779 b
942 1747 1048 1780 carina
1067 1748 1179 1783 antica.
1233 1760 1259 1785 c,
1278 1748 1419 1784 Sinulus.

626 1796 656 1832 d,
685 1798 760 1829 Pars
787 1794 907 1843 postica
940 1795 1084 1841 globosa.
1137 1809 1165 1837 e,
1201 1796 1328 1843 globuli
1351 1797 1419 1845 pel-

677 1844 784 1881 lucidi.

826 2017 858 2050 0
1253 2028 1352 2061 110.
