1948 2679
555 255 631 295 284
921 242 1297 283 VORT1CELLA}

607 349 851 385 Animalculum
870 350 1036 397 plerisque
1052 347 1297 396 microseopicis
1317 349 1441 396 pluries
1470 347 1596 396 majus,
1621 349 1698 397 post

501 400 640 436 multam
668 410 776 433 tamen
801 411 890 445 aqure
925 400 1058 433 marinae
1087 397 1329 444 inquisitionem
1363 397 1459 432 nuile
1491 403 1512 436 6
1537 397 1694 434 Ok'lobris

507 457 600 495 1781
622 448 767 496 primum
783 446 1015 492 detegebatur3
1045 448 1185 494 speciem
1205 447 1338 493 quidem
1359 448 1508 494 ampullae
1525 446 1578 481 scu
1593 460 1693 482 urnu-

502 498 541 532 lae
561 499 594 532 in
611 495 793 545 pulvisculo
818 494 1001 543 superficiei
1024 496 1159 540 guttula:
1187 497 1371 534 iuuat-ante,
1404 497 1631 542 maculamque
1659 498 1696 531 in

503 545 609 581 fundo
630 546 756 579 urnulae
773 546 963 584 immotam,
989 544 1103 591 saepius
1120 544 1207 582 vidi,
1234 543 1300 589 jam
1329 557 1408 578 vero
1438 557 1546 579 motus
1575 545 1695 591 aliqua-

503 596 543 630 lis
561 597 596 630 in
615 595 766 639 margine
784 593 915 628 maculae
929 595 1036 628 antico
1054 591 1272 640 suspicionem
1291 593 1324 627 ὅ(
1347 593 1540 628 ulteriorem
1560 593 1695 640 indaga-

504 655 630 679 tionem
651 653 813 676 excitavit.

603 707 785 741 Folliculus
807 703 979 752 hyalinus,
1009 703 1230 743 ventricosus,
1263 702 1520 749 lagenaeformis‚
1557 705 1696 754 prostra-

505 766 576 796 tus,
604 754 784 789 immobilis
803 754 887 788 collo
906 764 1075 792 truncam,
1100 750 1182 800 saepe
1208 753 1426 788 delineatione
1456 755 1586 788 alterius
1610 755 1696 800 lage-

469 840 475 844 ,
505 818 555 840 nae
574 805 661 849 cingi
696 803 837 839 videtur.
888 807 1052 849 Apertum
1078 802 1112 835 in
1141 801 1336 847 quibusdam
1363 803 1544 842 circularis,
1569 805 1602 837 in
1625 804 1696 838 aliis

506 855 604 888 altera
631 853 789 898 marginis
813 864 888 901 pars
912 851 1052 892 lunaris,
1084 850 1182 884 altera
1211 850 1411 898 planiuscula
1450 852 1483 886 ὅ(
1513 851 1696 900 produsta,

505 901 715 951 conspicitur.

604 970 690 1001 Vera
707 964 890 1000 animalculi
905 961 1089 999 folliculum
1103 963 1312 999 inhabitantis
1331 961 1429 999 facies
1457 962 1620 999 difficilius
1634 976 1698 1011 fx·

505 1018 670 1065 ploratum
698 1017 842 1048 maxime
856 1015 946 1048 enim
965 1011 1055 1047 deses
1072 1014 1210 1047 anticam
1225 1015 1374 1061 corporis
1398 1025 1526 1062 partem
1550 1026 1623 1048 raro
1646 1012 1700 1048 fo·

506 1078 558 1100 ras
570 1063 743 1112 protrudit,
773 1061 928 1097 rarissime
945 1073 1045 1096 totam
1063 1062 1212 1110 explicat,
1239 1065 1465 1108 quin-ariorum
1481 1064 1615 1097 unicum
1628 1075 1696 1097 xan-

508 1126 577 1148 tum
597 1124 694 1160 caput
709 1110 900 1160 protrusum
918 1110 1120 1157 expediebat.
1175 1113 1305 1158 Corpus
1321 1111 1420 1145 molle
1437 1112 1608 1145 moleculis
1630 1114 1695 1156 gri-

507 1161 568 1197 seis
583 1160 722 1196 faraum
741 1160 793 1194 vel
815 1171 921 1194 totum
938 1157 1123 1193 folliculum
1144 1159 1363 1207 undequaque
1389 1161 1498 1207 explet
1506 1173 1516 1202 ;
1542 1161 1594 1195 vel
1620 1173 1697 1194 con-

507 1209 647 1247 trastum
666 1208 772 1244 fundo
788 1208 921 1248 inlidet,
946 1208 1106 1242 maculam
1124 1206 1291 1248 referens,
1317 1221 1351 1242 ac
1377 1219 1447 1243 tum
1465 1209 1698 1243 animalculum

507 1263 614 1295 antice
645 1260 716 1294 cilia
753 1256 981 1292 vermicularia
1011 1255 1255 1291 flammularum
1275 1256 1411 1291 adinstar
1435 1257 1525 1292 lente
1547 1257 1579 1292 ἃ
1607 1258 1699 1293 varie

508 1307 626 1348 flefflt,
653 1318 707 1341 aut
722 1308 901 1352 imaginem
918 1304 1066 1340 scatentis
1083 1304 1185 1340 fontis
1202 1304 1402 1353 dorsumque
1427 1305 1633 1340 transversim
1651 1304 1698 1340 se-

508 1358 610 1392 cantis
625 1358 772 1398 motitat3
805 1355 858 1389 vel
877 1353 989 1389 sensim
1010 1356 1044 1388 in
1062 1351 1205 1388 formam
1225 1353 1402 1399 oblongam
1428 1354 1459 1388 ἃ
1479 1354 1697 1388 ventricolam

508 1404 622 1441 versus
649 1415 836 1452 aperturam
860 1401 1028 1441 folliculi,
1068 1403 1236 1436 interdum
1266 1403 1350 1436 ultra
1379 1401 1487 1450 ipsum
1511 1404 1698 1447 marginem

509 1453 723 1503 producitur,
754 1465 789 1486 ac
810 1464 909 1499 pauca
927 1452 998 1485 cilia
1017 1450 1206 1485 flul-Tluantia
1231 1450 1381 1487 exserens
1404 1464 1481 1485 mox
1508 1453 1697 1499 corripitur.

509 1501 646 1539 Prorsus
670 1502 867 1549 explicatum
884 1499 984 1534 semel
1003 1499 1091 1538 vidi,
1121 1511 1257 1547 tumque
1273 1502 1376 1534 antica
1401 1512 1475 1548 pars
1498 1511 1588 1534 extra
1607 1512 1698 1547 aper-

511 1562 618 1586 turam
636 1553 670 1585 in
688 1550 808 1584 collum
818 1547 978 1597 produfila
988 1560 1022 1582 ac
1032 1547 1157 1582 dilatata
1166 1550 1256 1596 apice
1272 1550 1307 1582 in
1325 1548 1419 1582 lobos
1429 1548 1524 1583 binos
1535 1547 1699 1595 depressos

511 1599 670 1639 formata,
703 1598 824 1647 pellica
851 1609 929 1632 vero
960 1599 995 1631 in
1029 1597 1162 1631 caudam
1188 1597 1351 1643 angustata
1377 1607 1454 1633 erat!
1526 1599 1700 1632 Loborum

512 1650 678 1695 margines
705 1646 866 1696 splendidi
893 1647 973 1680 ciliis
1006 1657 1162 1693 aquarum
1195 1647 1341 1681 molliter
1373 1646 1546 1681 fluentium
1580 1646 1698 1686 instar,

513 1699 690 1732 commotis
716 1696 940 1742 cingebantur.
996 1696 1093 1729 Brevi
1120 1708 1200 1730 vero
1226 1707 1415 1744 apparatum
1443 1695 1531 1730 hunc
1556 1696 1590 1729 in
1607 1707 1699 1729 trun-

515 1759 590 1781 cum
607 1746 760 1784 retraxit,
789 1743 886 1791 seque
903 1742 1048 1778 folliculo
1073 1745 1228 1780 condidit.
1282 1744 1420 1780 Globuli
1440 1745 1474 1779 in
1491 1756 1608 1779 trunco
1634 1755 1699 1778 ina-

513 1795 602 1844 jores
617 1795 789 1842 inaequales
801 1818 809 1834 ‚
835 1806 875 1828 an
892 1793 1014 1827 ovula?

615 1861 706 1894 Loco
724 1871 792 1893 non
809 1857 943 1896 secedit,
969 1857 1196 1906 pulverulenta
1213 1859 1301 1892 enim
1318 1855 1488 1904 superficie
1506 1857 1559 1893 vel
1575 1869 1700 1898 unum,

514 1908 569 1946 vel
583 1907 665 1948 duo,
693 1909 753 1942 tria
770 1919 824 1942 aut
839 1919 996 1954 quatuor,
1021 1906 1141 1954 absque
1161 1906 1278 1941 ordine
1295 1904 1387 1940 affixa
1404 1906 1567 1944 videntur.

616 1970 733 2010 Punffl
748 1972 846 2009 instar
860 1969 1008 2008 folliculo
1028 1968 1110 2021 saepe
1132 1971 1272 2008 adhaeret
1297 1969 1464 2011 Trichoda
1488 1970 1698 2022 Inquilinus.

1608 2056 1648 2090 In
