1948 2679
665 235 1020 270 LEUCOPHRA.
1297 233 1373 281 ‘155

341 336 450 372 Postea
469 336 580 383 plures
594 337 701 384 reperi
717 347 825 370 «ivatas
840 336 872 370 ὃ(
886 347 1021 375 tereres,
1047 335 1131 382 plica
1156 334 1269 383 paffim
1295 338 1329 371 in
1352 350 1419 373 me-

240 385 295 421 dio
314 388 460 433 corporis
476 385 658 431 pellueente
675 398 710 418 ac
731 386 857 418 literam
883 386 909 420 S
931 386 1119 419 mentiente.
1177 386 1343 430 Myriades
1366 387 1418 421 de-

242 435 338 481 cuplo
369 436 513 467 minores
542 432 738 478 crystallinas
761 431 953 479 corpusculo
978 433 1063 466 ovali
1084 432 1247 479 pellucido
1277 446 1418 476 notatas,

238 494 358 529 paucos
378 481 448 532 post
466 482 533 515 dies
548 480 765 529 prodeuntes,
793 481 901 528 pullos
920 481 1083 526 majorum
1105 492 1197 528 puto.

342 545 523 581 Deficiente
539 557 618 591 aqua
637 544 748 592 passim
768 541 946 591 compressa
963 543 1109 583 videtur,
1137 556 1172 578 ac
1199 556 1268 579 tum
1289 547 1322 580 in
1344 544 1418 580 solis

240 595 365 639 angulis
386 593 631 641 compressionis
647 594 719 628 cilia
735 595 862 627 moveri
877 592 942 627 visa
961 591 1049 631 sunt,
1076 593 1248 640 posteriori
1272 594 1418 628 lucubra-

238 643 381 678 tiuncula
397 645 431 677 in
452 644 544 678 omni
561 644 710 687 margine
727 644 876 690 corporis
889 641 933 675 ob
952 639 1115 676 defeaum·
1134 654 1222 689 aquae
1238 641 1418 690 compreffi.

341 709 543 754 Propagatur
559 719 619 753 per
644 705 832 740 divisionem
856 704 1119 747 transversalem;
1143 706 1211 739 vidi
1229 708 1316 740 enim
1327 707 1417 742 binas

239 755 437 790 adhaerentes
458 756 665 801 longitudine
688 757 807 794 unius,
833 766 1005 800 utramque
1020 754 1106 787 linea
1127 754 1155 790 S
1166 766 1319 791 notatam.

338 817 609 866 Frequentiffitne
626 818 732 864 major
752 819 782 852 ἃ
799 820 908 852 minor
923 819 956 852 in
975 830 1054 863 aqua
1072 820 1197 851 marina
1221 831 1295 852 cum
1316 820 1415 867 Leuc.

247 866 455 905 Turbinata,
495 866 657 901 mensibus
686 867 877 904 Novembri
906 867 936 901 ἃ
966 866 1161 918 Βςοεηὼι-ἰς
1206 867 1236 901 ἅ
1263 869 1418 914 Januario

243 923 348 962 1780.
372 914 512 952 seotfim.

386 1018 460 1061 Figz
490 1025 542 1058 18.
568 1017 667 1052 Leuc.
683 1016 890 1064 Szgnatam,
917 1017 997 1050 ciliis
1014 1029 1081 1052 non
1104 1016 1318 1059 notabilibus,

488 1076 544 1110 19.
573 1064 654 1096 ciliis
679 1064 912 1106 marginalibus
932 1063 1022 1103 visis,
1053 1063 1144 1099 austa
1171 1066 1415 1110 magnitudine,

629 1109 870 1157 reprmsentant.

561 1202 572 1211 ,
627 1171 654 1193 a.
679 1160 764 1194 linea
779 1161 885 1194 media
910 1159 1053 1195 curvata:
1102 1160 1133 1195 b.
1160 1161 1342 1197 concitatio.

444 1328 545 1375 166.
577 1328 921 1373 LEUCOPHRA
964 1343 1182 1381 TRtGONA.

299 1432 573 1479 LEUCOPHRA
588 1439 717 1489 crasffi,
752 1438 899 1490 obtusa,
933 1439 1130 1493 angulata,
1163 1440 1278 1484 flava.
1319 1442 1415 1482 Tab.

238 1493 366 1534 XXII.
393 1493 476 1546 Fig.
498 1504 567 1534 20.
591 1503 660 1533 21.

336 1601 491 1634 Formam
505 1600 649 1643 vulgaris
673 1600 787 1646 lapidis
809 1598 862 1633 seu
888 1598 980 1633 frusti
1005 1600 1109 1635 obtusi
1131 1599 1251 1636 succini
1271 1599 1413 1650 praefert.

237 1646 339 1683 Maffa
354 1647 557 1692 triangularis
569 1647 729 1686 flavio-ans,
744 1647 889 1681 vesiculis
906 1649 1075 1694 pellucidis
1086 1650 1296 1696 inaequalibus
1311 1652 1414 1698 reple-

235 1708 283 1733 ta,
313 1697 430 1729 harum
448 1697 586 1729 maxima
602 1695 782 1742 spestabilis
803 1697 902 1729 altero
919 1696 1018 1730 latere
1042 1698 1175 1743 injacet3
1201 1700 1413 1745 margineque

237 1745 309 1777 cilia
337 1742 543 1782 fluRu-antia,
578 1756 677 1778 totam
705 1743 926 1791 superficiem,
957 1756 993 1779 ut
1017 1744 1175 1794 suspicor,
1203 1750 1411 1795 occupantia,

235 1791 345 1841 paffim
363 1791 586 1826 observantur.

336 1859 441 1891 Lente
458 1855 489 1889 &
508 1858 692 1891 concitatim
714 1869 776 1905 pro
791 1856 895 1892 lubitu
913 1858 946 1892 in
963 1858 1090 1903 guttula
1108 1857 1172 1894 sese
1188 1860 1302 1897 volvit,

340 1922 380 1955 In
395 1931 474 1967 aqua
490 1920 622 1968 palustri
637 1921 701 1955 luci
721 1921 945 1971 Gyldenlund
960 1921 1125 1961 rarissime.

787 2026 822 2058 U
842 2036 860 2060 2
1286 2026 1359 2071 Fig,
