1948 2679
545 250 627 293 ‘246
965 246 1206 282 RERONA.

603 351 734 397 Corpus
750 348 972 388 latiusculum,
1000 350 1140 396 aequale,
1167 346 1423 396 planiu'sculum,
1449 350 1604 397 utrinque
1628 350 1686 385 ob-

500 399 630 439 tusum,
657 399 827 433 molcculis
849 399 1085 444 nigricantibus
1098 400 1283 446 impletum,
1306 400 1428 434 macula
1445 402 1596 447 inprimis
1614 413 1686 434 ver-

499 448 552 484 sus
580 448 699 497 postica
725 448 757 482 (31
781 449 861 482 latus
886 448 1057 487 dextrum,
1096 448 1311 494 interjacente
1345 448 1479 482 vesicula
1506 449 1685 496 pellucida,

500 500 602 544 nigra.
657 498 774 532 Antice
790 499 825 531 in
843 509 914 531 area
931 496 1063 542 angusta
1079 498 1245 531 cornicula
1261 497 1327 532 duo
1350 498 1403 531 vel
1428 499 1488 532 tria
1516 499 1684 537 micantia.

499 550 547 582 uti
566 549 600 582 in
618 547 699 583 [ser.
722 546 866 594 Myrtilo,
893 545 1079 593 punthue
1104 558 1124 591 3
1140 546 1192 580 vel
1219 558 1244 590 5
1265 546 1398 580 mobilia
1421 548 1531 592 nigra,
1564 546 1685 594 pollice

498 596 574 631 setis
592 594 753 631 instrufiht.
809 595 869 629 Pili
893 594 947 629 seu
974 595 1045 629 cilia
1071 597 1175 628 antica
1201 607 1287 639 aegre
1307 596 1550 642 perceptibilia,
1586 607 1686 630 retra-

499 646 624 690 huntur
642 645 730 678 enim
759 643 791 677 ὅ(
818 644 1037 682 occultantur,
1063 655 1204 688 raroque
1229 645 1260 678 ἃ
1285 655 1346 690 per
1366 645 1537 678 intervalla
1559 656 1686 679 tantum

498 694 690 734 vibrantur}
715 696 748 726 'm
762 690 889 739 punfi’to
909 704 987 725 vero
1012 690 1224 739 separationis
1247 692 1389 727 duorum
1415 693 1686 727 animalculorum

497 744 732 786 cohaerentium
747 742 783 775 in
797 740 879 780 hoc,
907 742 955 774 uti
973 741 1007 775 in
1029 740 1288 786 congeneribus,
1315 743 1470 789 inprimis
1491 741 1685 791 spefflabilia.

597 825 744 860 Voroex,
773 833 870 868 quem
887 821 1138 859 animalculum‚
1165 821 1258 866 cujus
1276 823 1428 858 meminit
1454 820 1566 856 clariss‘.
1587 824 1684 856 SAUS-

497 885 575 909 sum:
589 884 628 906 ex
649 868 810 905 infusione
829 870 997 909 cannabis,
1030 872 1198 917 partitioni
1223 872 1388 907 intentum
1415 872 1494 911 ciet,
1525 883 1612 909 non,
1636 872 1684 904 uti

497 932 642 956 autumat
655 920 785 954 illustris
803 922 1057 958 SPALLANZAM,
1086 919 1263 954 vibrationi
1291 920 1454 966 pilorum,
1480 932 1553 953 cum
1578 921 1617 953 iis
1636 931 1685 953 ca-

497 983 564 1005 reat
582 969 805 1019 Kolpodaeque
822 969 952 1014 generis
972 967 1025 1008 lit,
1054 967 1109 1003 sed
1135 969 1235 1003 totius
1257 970 1406 1017 corporis
1433 970 1602 1017 agitationi
1629 969 1683 1002 de-

496 1020 600 1055 betur.

598 1096 636 1128 In
650 1090 759 1127 infuso
776 1092 1026 1137 vegetabilium3
1052 1094 1149 1128 etiam
1166 1095 1201 1128 in
1220 1105 1300 1141 aqua
1310 1094 1436 1129 marina
1453 1093 1683 1129 animalculum

494 1144 694 1180 {imillimum
711 1144 863 1176 occurrit.

644 1248 718 1292 Fig.
740 1259 793 1281 11.
809 1246 894 1281 12&
914 1258 964 1291 13.
992 1246 1073 1282 [ser.
1093 1245 1312 1283 Calvitimn?
1336 1245 1465 1282 diverso
1487 1245 1562 1286 litu,
1591 1243 1683 1280 austu

887 1295 1133 1340 magnitudine,
1158 1294 1312 1332 offerunt,

887 1357 914 1380 a.
938 1345 1124 1381 Cornicula.
1178 1344 1208 1380 b.
1236 1345 1365 1380 Macula
1385 1343 1529 1378 obscura.

887 1406 913 1428 c.
938 1394 1020 1428 Cilia
1036 1393 1149 1431 antica.
1207 1392 1237 1428 d.
1263 1394 1343 1428 Setae
1362 1394 1500 1442 posticae.

740 1601 842 1646 275.
875 1591 1112 1633 KERONA
1146 1602 1436 1633 Pus'ruLA‘rA.

566 1702 751 1743 szom
776 1701 901 1742 ovalis
926 1714 1132 1751 convexa,
1169 1701 1318 1753 postiee
1342 1698 1465 1741 altero
1494 1699 1676 1752 margine

489 1756 654 1806 sinuata,
689 1768 857 1811 utraque
872 1758 1120 1797 extremitate
1135 1758 1284 1803 crinita,
1303 1754 1594 1810 corniculisque
1611 1767 1675 1794 an-

490 1813 585 1855 ticis.
658 1813 753 1853 Tab.
770 1811 964 1854 XXXIV.
989 1812 1072 1866 fig.
1098 1821 1153 1864 14
1192 1809 1289 1864 15.?

590 1921 833 1955 Animalculum
854 1932 1006 1959 ovatum,
1030 1919 1230 1968 pellucidum
1245 1945 1253 1959 ,
1276 1930 1390 1954 ventre
1408 1917 1574 1962 incedens,
1600 1919 1674 1953 dor-

488 1970 522 2005 {0
536 1983 686 2005 convexo
703 1970 826 2018 pullula
845 1968 1019 2016 majuscula
1032 1994 1040 2008 ‚
1065 1967 1135 2003 fere
1154 1970 1255 2015 qualis
1272 1970 1306 2004 in
1325 1967 1437 2004 Trich.
1459 1968 1671 2015 Transfuga,

490 2021 522 2054 in
541 2022 642 2054 antica
659 2032 749 2066 area,
777 2021 812 2054 in
827 2020 948 2068 postica
965 2019 1133 2053 inoleculae
1158 2016 1363 2058 'indistinaae5
1389 2019 1538 2062 margine
1562 2019 1671 2051 antico

1514 2078 1620 2101 crines
