1948 2679
603 232 964 268 -VORT‘ICELLA-
1256 239 1326 284 :269

204 329 346 369 tamibus
364 332 620 381 corpusculoque
637 336 826 380 triangulari
842 336 883 378 in
894 346 1007 370 centro
1030 337 1161 371 crateris
1186 339 1377 384 prominen-

203 394 253 425 te;
282 383 402 430 postice
424 380 591 419 obtusum,
629 384 737 417 medio
763 385 861 418 latere
889 386 1042 429 utrinque
1063 397 1220 418 mucrone
1245 386 1377 422 instruc·

203 443 282 467 tum.
336 432 386 464 Sic
406 434 437 464 in
458 442 550 463 motu
568 430 756 469 exhibetur,
782 444 864 478 aqua
885 444 964 465 vero
987 431 1057 466 fere
1084 434 1227 466 exhalata
1262 447 1376 482 corpo-

202 492 303 526 reque
322 481 415 512 utiin
434 479 566 524 reliquis
593 476 759 513 infusoriis
785 477 950 526 deprefl‘0,
981 481 1092 514 oculus
1114 481 1235 525 detegit
1261 495 1378 529 praerer

202 539 363 572 organum
390 528 584 561 rotatorium
608 529 770 565 anticum,
799 527 1004 563 Vortirellis
1035 541 1226 568 commune,
1271 530 1378 578 ipsum

203 580 350 623 corporis
368 576 512 611 medium
531 575 570 609 ab
589 576 689 609 altero
706 577 916 616 circumdari,
944 576 1106 623 hujusque
1131 578 1202 610 cilia
1224 579 1257 612 in
1286 592 1380 614 motu

203 624 386 658 animalculi
405 625 446 658 ob
466 624 706 659 vehementiam
724 626 894 659 rotationis
911 625 1066 672 utrinque
1085 638 1209 659 tantum
1228 627 1377 676 perspici,

203 674 235 707 ἃ·
254 673 385 720 quidem
403 672 486 719 quasi
503 676 537 707 in
553 685 726 708 mucrones
748 675 847 708 unita.
907 673 1013 713 Quid,
1039 673 1126 720 quod
1151 677 1236 709 inter
1261 677 1324 711 hoe
1345 678 1377 713 &

203 724 346 755 anticum
366 720 466 756 adesse
484 723 615 755 tertium
633 723 761 768 parcius
777 722 938 760 ciliatum,
967 734 1006 756 ex
1025 723 1086 756 alio
1114 722 1167 757 sed
1189 726 1311 760 minori
1330 725 1377 761 fa·

201 769 320 804 scit-ulo
336 772 480 817 pilorum
501 770 600 805 latere
614 782 807 804 mucronem
825 782 930 815 exque
954 770 1047 804 lineis
1070 771 1193 806 duabus
1219 784 1377 809 transver-

203 818 319 852 salibus
347 820 470 852 rivulos
501 830 656 864 aquarum
677 817 915 866 profluentium
940 820 1189 859 mentientibus,
1214 834 1312 868 quam
1335 834 1378 858 ta.

194 879 283 902 imen
298 869 478 913 imaginem
495 865 552 901 soli
571 868 675 900 motui
692 867 842 901 ciliorum
852 866 941 902 lento
952 866 1064 902 deberi
1077 879 1219 903 autumo.

313 932 436 968 Motus
451 932 628 965 concitatus
645 931 676 965 δε
692 931 863 978 multiplex
875 956 883 970 ‚
896 938 1079 978 'tantusque
1095 945 1295 978 organorum
1310 946 1379 970 mo-

203 981 352 1014 ventium
364 992 542 1027 apparatus,
572 981 723 1028 inprimis
739 981 774 1014 in
789 980 932 1025 gravida,
952 980 1044 1026 cujus
1059 981 1139 1028 pulli
1154 981 1246 1016 simul
1261 985 1295 1018 in
1313 997 1379 1018 ma-

203 1039 253 1062 tre
273 1029 329 1061 suo
347 1041 438 1061 motu
458 1028 615 1072 gaudent,
643 1029 678 1061 in
694 1040 833 1076 corpore
853 1029 1016 1075 pellucido
1044 1031 1143 1063 aciem
1165 1031 1250 1064 oculi
1279 1033 1310 1067 ὅ(
1330 1034 1379 1067 in-

202 1077 292 1121 genii
309 1075 525 1109 observatoris
540 1075 711 1114 hebetant,
739 1087 776 1109 ut
791 1076 830 1110 de
849 1088 884 1109 re
907 1077 985 1110 adeo
1007 1078 1163 1124 perplexa
1187 1078 1379 1116 sententiam

203 1123 291 1159 ferte
312 1126 366 1158 vix
387 1124 507 1159 audeat.
589 1123 759 1170 Postquam
784 1136 888 1158 mater
913 1125 1021 1171 pullos
1047 1137 1155 1160 coram
1183 1126 1380 1167 delineatore

204 1176 299 1208 enixa
316 1171 409 1213 estet,
432 1184 540 1207 motus
557 1173 588 1207 ὅ(
605 1184 727 1218 organa
742 1172 855 1220 justius
881 1171 1165 1219 dignoscebantur.

306 1239 431 1272 Seriem
451 1237 600 1271 ciliorum
616 1238 649 1270 in
670 1237 779 1272 medio
807 1239 955 1285 corporis
975 1237 1199 1275 rudimentum
1222 1253 1380 1290 propaga-

205 1288 305 1322 tionis
326 1286 471 1321 instantis
491 1299 551 1333 per
568 1287 797 1333 partitionem,
826 1287 929 1333 qualis
946 1287 980 1321 in
998 1287 1170 1325 Naidibus
1185 1291 1297 1325 videre
1315 1293 1380 1333 est,

206 1335 390 1374 crederem,
417 1333 474 1368 nifi
493 1334 601 1381 pullus
622 1335 656 1368 in
672 1335 781 1370 medio
798 1335 829 1370 ὅ(
850 1339 885 1369 in
902 1338 1104 1372 extremitate
1127 1339 1273 1373 animalis
1289 1341 1381 1375 aliter

204 1384 323 1418 sentire
341 1383 489 1430 juberet;
517 1394 657 1417 attamen
676 1385 716 1417 ita
736 1382 797 1422 est,
823 1396 920 1431 quam
946 1385 1079 1431 quidem
1103 1388 1304 1434 paradoxum
1327 1401 1380 1438 ap-

204 1443 333 1480 pareat,
360 1434 470 1478 plures
485 1433 573 1466 enim
589 1432 697 1478 postea
724 1435 830 1479 reperi
857 1431 1016 1480 {implices
1042 1434 1162 1482 absque
1188 1435 1267 1471 serie
1293 1438 1381 1472 cilio-

206 1494 281 1514 rum
299 1480 424 1519 media,
445 1492 561 1526 paucas
580 1480 661 1514 serie
680 1482 799 1528 triplici
813 1482 963 1516 ciliorum
981 1481 1098 1517 ciuitas
1109 1497 1117 1525 ;
1142 1483 1248 1531 licque
1276 1487 1381 1522 Vort.

208 1529 345 1576 Nafitta
362 1529 393 1562 &
409 1529 583 1576 partitione
602 1529 633 1562 ὅ(
656 1526 810 1563 foetubus
834 1531 918 1564 vivis
942 1529 1034 1564 fimul
1060 1544 1278 1579 propagatum
1305 1547 1380 1582 pro-

205 1578 335 1624 lesque,
360 1590 456 1624 quam
475 1578 650 1624 partitione
667 1580 825 1617 minatur,
849 1578 916 1623 jam
933 1590 1106 1626 antequam
1129 1593 1147 1614 a
1162 1594 1265 1617 matre
1282 1582 1379 1619 seces·

205 1626 261 1666 fit,
285 1625 377 1660 fo-:tu
395 1626 621 1671 vivogravida
644 1625 696 1662 est.

311 1691 442 1725 Variam
468 1691 499 1725 &
525 1689 736 1737 improvisam
768 1688 910 1726 formam
931 1692 1068 1728 induere
1089 1695 1193 1738 valet3
1220 1698 1381 1732 ventrico-

205 1737 237 1774 sa
255 1741 344 1774 enim
364 1737 591 1785 subquatlrata,
620 1739 864 1774 membranacea
878 1742 1032 1788 utrinque
1061 1742 1254 1792 compressa,
1279 1747 1380 1781 ovalis

205 1801 240 1822 ac
257 1788 408 1836 sphaertea
438 1800 500 1835 pro
530 1787 635 1822 lubitu
659 1788 783 1830 evadit;
811 1791 1032 1837 prominentia
1057 1793 1247 1838 triangulari
1271 1805 1380 1830 tamen

205 1847 435 1884 permanente,
460 1839 494 1871 in
510 1835 662 1883 sphaerica
689 1837 721 1872 ἃ
745 1849 836 1872 ovata
859 1838 990 1884 quidem
1014 1842 1186 1880 occultata,
1211 1844 1245 1877 in
1270 1855 1380 1878 necata

207 1896 314 1920 tamen
328 1909 336 1925 ,
364 1898 426 1933 ope
443 1898 562 1933 nempe
581 1888 682 1920 urinae
696 1888 828 1931 guttulae
842 1888 965 1927 mixtae‚
994 1899 1078 1924 teres
1109 1890 1142 1925 ἃ
1171 1890 1318 1937 longior,
1345 1904 1380 1927 ac

207 1946 322 1979 margo
340 1946 496 1982 aperturae
511 1935 591 1969 ciliis
607 1934 735 1969 reflexis
753 1935 883 1970 hii-sutis
900 1948 1050 1984 apparet:
1075 1936 1226 1985 sphaerica
1250 1941 1282 1976 δι
1305 1954 1379 1976 ova-

207 1993 239 2017 ta
254 1982 357 2028 figura
372 1984 537 2019 incautum
551 1982 645 2019 facile
661 1985 798 2033 decipit,
825 1985 903 2021 dum
927 1985 1013 2021 aliud
1035 1989 1262 2024 animalculurn
1288 2002 1382 2025 men·

769 2035 798 2069 L
811 2034 822 2068 l
843 2046 862 2082 3
1234 2039 1329 2080 titur,
