1948 2679
560 261 636 308 360
916 255 1298 297 BRACHmNus,

707 363 780 395 Der
797 357 1052 397 Waffer-besen,
1075 362 1171 394 Emn.
1189 362 1287 396 micr.
1307 372 1338 407 p.
1362 371 1418 405 23.
1443 370 1465 397 t.
1489 357 1561 399 ΒΕ
1589 372 1619 408 3.
1635 370 1670 407 5..

709 410 912 505 Βταςῇἒοὲυς
931 409 1211 456 quadi-identatus,
1240 409 1389 455 Naturf.
1414 422 1469 456 19.
1493 424 1526 459 p.
1542 423 1602 457 47.
1621 422 1641 445 t.
1662 423 1695 448 2.

614 561 712 600 Testa
729 561 991 600 membranacea,
1019 560 1272 608 pellucidislima,
1299 563 1453 609 utrinque
1472 561 1595 596 sui-sum
1615 561 1697 597 sinu-

515 624 563 648 ata
580 612 687 647 medio
703 611 920 659 protuberans
937 610 1089 644 deorsum
1109 613 1142 643 in
1160 623 1262 644 cornu
1288 622 1418 644 acutum
1443 611 1619 659 producta,
1644 625 1698 646 an-

515 665 577 696 tice
594 661 747 695 dentibus
766 671 923 705 quatuor,
947 659 1152 692 intermediis
1174 658 1275 705 duplo
1297 659 1498 698 minoribus,
1528 659 1698 698 instruffia,

514 710 636 758 postice
653 711 738 743 inter
752 708 842 741 bases
870 719 1031 741 cornuum
1059 706 1152 740 valde
1174 708 1383 752 emarginat-a.
1437 711 1527 742 Inter
1553 710 1699 743 minores

517 760 630 793 dentes
648 757 792 805 prostant
808 756 968 791 tentacula
989 755 1063 789 bina
1081 756 1164 789 ultra
1187 756 1296 790 testam
1323 756 1354 790 ὅ(
1377 755 1540 790 exsertum
1568 758 1700 791 animal-

516 808 626 841 culum
646 804 810 848 porrefihx,
839 804 900 839 basi
918 817 999 838 vero
1015 810 1099 838 intra
1126 803 1234 838 testam
1266 806 1302 838 ad
1328 806 1474 839 maxillas
1499 804 1552 840 scu
1575 803 1700 839 muscu-

515 857 585 890 lum
605 850 827 900 defflurorium
848 854 1002 895 tendunt;
1026 854 1094 887 haec
1111 853 1148 886 ad
1167 854 1324 898 angulum
1346 853 1472 888 rebium
1493 853 1615 888 rcflee'ii
1632 856 1701 900 qui-

516 905 592 940 dem
610 902 751 951 polsunt,
779 905 864 937 intra
881 902 992 937 testam
1010 914 1089 936 vero
1106 914 1274 948 nunquam
1291 903 1511 937 retrahuntur.
1550 902 1701 937 Remffiio

517 953 711 988 animalculo
724 951 799 986 testa
814 952 1016 998 aliquantum
1030 951 1188 984 dilatatur.
1243 954 1428 999 Apparatus
1444 953 1567 986 anticus
1582 951 1637 986 scu
1654 964 1703 986 ca·

517 1005 593 1050 pitis
612 1004 644 1036 in
665 1000 858 1035 animalculo
876 998 1003 1034 exserto
1034 1000 1191 1039 eximius,
1215 1001 1250 1034 in
1278 1012 1430 1048 correpto
1454 1001 1624 1035 tentaculis
1648 1013 1701 1034 ex-

517 1052 620 1099 ceptis
636 1062 723 1085 totus
742 1049 902 1083 conditur.
956 1052 1076 1082 Proeter
1095 1047 1225 1082 solitum
1244 1049 1365 1096 duplex
1392 1062 1553 1095 organum
1583 1062 1702 1083 rotato-

517 1102 623 1139 rium,
651 1099 772 1147 postice
787 1100 1009 1145 interruptum
1031 1097 1158 1136 medio,
1186 1100 1272 1132 inter
1288 1099 1446 1132 tentacula
1463 1100 1646 1146 porrigitur
1665 1099 1701 1132 li-

516 1149 593 1196 gula
616 1148 749 1195 hyalina
771 1146 809 1181 ad
832 1147 978 1181 maxillas
1004 1145 1218 1186 descendens,
1245 1148 1335 1194 apice
1358 1145 1554 1192 subgloboso
1577 1149 1700 1186 ciliaco,

518 1211 554 1233 ac
572 1198 726 1244 utrinque
744 1207 836 1230 extra
850 1195 965 1230 dentes
982 1194 1127 1229 laterales
1144 1195 1342 1242 conspicitur
1361 1195 1508 1230 orbicula
1528 1196 1641 1235 ciliata,
1666 1207 1702 1229 ae

517 1248 553 1281 in
569 1245 639 1295 ipso
657 1257 798 1293 corpore
818 1257 906 1291 pone
920 1246 1103 1289 marginem
1122 1243 1205 1278 testae
1221 1245 1388 1278 dentatum
1406 1246 1494 1278 inter
1507 1244 1621 1279 dentes
1636 1256 1701 1278 ma-

517 1295 607 1342 jores
634 1295 666 1330 &
690 1295 850 1328 tentacula
879 1292 976 1327 series
998 1293 1148 1326 ciliorum
1174 1293 1354 1327 transversa
1390 1293 1522 1340 duplex.
1579 1294 1703 1330 Motus

518 1345 642 1380 horum
656 1344 805 1378 omnium
824 1343 973 1376 ciliorum
990 1342 1085 1376 oculo
1101 1342 1362 1389 pulcherrimum
1384 1340 1601 1388 spclstaculuin
1623 1355 1703 1389 prx-

519 1393 612 1429 stant.
663 1392 835 1427 Musculus
852 1391 1066 1435 deglut01·ius‚
1095 1390 1197 1436 qualis
1211 1393 1246 1424 in
1264 1391 1514 1434 congenerihus‚
1535 1393 1701 1430 continuo,

519 1443 555 1476 in
571 1443 686 1475 mortis
704 1452 810 1485 agone
826 1441 1011 1486 interrupte
1024 1463 1032 1477 ,
1059 1450 1229 1481 movetur3
1251 1438 1418 1485 ‹mass'aque
1435 1437 1574 1472 inferior
1591 1451 1702 1473 exten-

519 1490 582 1525 filis
599 1489 786 1524 intestinum
808 1488 948 1522 videtur.
1003 1488 1098 1521 Plura
1120 1486 1245 1521 vascula
1261 1488 1369 1521 minus
1386 1487 1542 1521 distinffta.
1594 1487 1704 1521 Gauda

519 1538 605 1574 testae
621 1537 828 1583 longitudine
847 1547 951 1575 teres,
977 1547 1045 1570 non
1063 1537 1214 1570 annulum
1230 1537 1277 1570 uti
1295 1538 1330 1569 in
1350 1536 1520 1584 plurimis,
1549 1537 1639 1584 apice
1655 1536 1704 1570 bi-

519 1590 570 1624 nis
585 1586 818 1625 mucronibus,
846 1586 933 1620 intus
950 1585 1126 1619 canaliculo
1145 1585 1325 1621 instruitur.

621 1654 694 1686 Ova
710 1652 756 1685 uti
773 1652 806 1685 in
822 1648 951 1687 Brach.
973 1649 1153 1686 Utve-olari
1173 1661 1190 1683 e
1207 1661 1348 1698 corpore
1371 1648 1522 1698 protrusa
1544 1649 1650 1684 caudae
1672 1649 1705 1685 &

520 1700 584 1738 basi
604 1701 687 1736 testae
702 1700 756 1735 seu
773 1699 938 1734 cornubus
954 1699 1153 1746 aliquamdiu
1176 1699 1350 1738 adhaerent.

622 1768 660 1800 In
680 1777 760 1812 aqua
776 1763 833 1799 ubi
851 1764 983 1807 Lemma
997 1761 1228 1812 Po(yrrhiza‚
1257 1776 1319 1809 cgo
1338 1762 1578 1812 Mevenbergae
1599 1771 1704 1809 1777.

521 1816 646 1863 reperi,
674 1817 894 1850 Hemmnus
909 1814 1007 1847 etiam
1023 1815 1278 1862 Argentorati‚
1301 1825 1336 1847 ac
1355 1813 1489 1848 demum
1515 1811 1586 1860 post
1608 1813 1705 1846 innu-

512 1877 627 1899 -meras
643 1862 884 1897 lucubrationes
901 1862 1048 1911 plurium
1065 1874 1228 1897 annorum
1246 1863 1333 1897 inter
1351 1863 1516 1899 Lemnum
1536 1864 1705 1897 minorem

520 1914 611 1948 horti
641 1910 1014 1996 Frfferffhsbergmfis
1046 1910 1225 1948 suburbani
1247 1911 1402 1950 Havniae
1426 1908 1573 1947 Ofiobre
1597 1918 1703 1958 1734.

522 1974 656 1997 unicum
675 1974 695 1997 o
725 1974 765 1997 en
790 1974 808 1997 ι.

1540 2068 1655 2101 BAitxzn
