1948 2679
467 245 490 283 Ε
885 242 1089 278 MONAS.

569 348 642 394 Fig.
669 359 702 394 9.
726 344 779 383 M
798 345 927 383 Lendes
952 346 1060 387 auaa,

651 408 709 433 10.
737 395 831 430 valde
850 395 951 435 austa,

742 457 768 479 a.
796 443 966 492 simplices.
1020 444 1054 480 b.
1085 443 1242 493 duplices.

651 505 707 530 11.
735 493 914 533 mediocri,
940 495 1167 540 magnitudine

736 556 763 584 a,
789 546 825 578 in
849 541 960 626 gei-ies.
1016 544 1047 579 b.
1074 545 1110 579 in
1134 555 1286 584 acervos,
1315 556 1527 592 congregatas
1554 557 1607 583 εχ-

812 593 847 628 hi
873 604 939 627 ent.

785 723 826 768 6.
859 723 1068 767 MONAS
1101 737 1226 768 M1CA.

479 832 644 875 MONAS
678 833 828 875 circulo
863 847 1007 876 notata.
1085 836 1230 878 Tah.1.
1264 835 1441 891 Fig.14.
1477 846 1546 890 15.

614 945 737 978 Monas
764 945 864 988 mica,
902 943 1023 980 Verm.
1046 951 1113 981 ter.
1139 944 1183 981 ΕΤ
1203 944 1295 990 fluv.
1319 956 1352 990 3.
1379 943 1475 980 Zool.
1514 945 1610 982 Dan.

711 991 834 1039 prodr.
853 998 962 1036 2428.

517 1094 690 1128 Lenticula
708 1105 741 1138 3.
760 1094 907 1131 microsc.
931 1092 1084 1142 simplicis
1101 1093 1297 1142 punfi'tulum
1323 1094 1468 1130 lucidum
1487 1094 1613 1144 conspi-

420 1144 522 1183 citur,
551 1141 642 1177 au9ca
669 1155 749 1177 vero
772 1143 1000 1188 magnitudine
1029 1144 1259 1177 animalculum
1283 1144 1376 1177 ovale
1406 1146 1460 1178 vel
1483 1144 1613 1192 sphaeri-

419 1204 513 1230 cum,
545 1204 621 1226 nam
645 1203 819 1239 utramque
842 1191 982 1238 figuram
1007 1205 1069 1240 pro
1100 1192 1205 1226 lubitu
1238 1190 1382 1231 assumit,
1426 1194 1612 1230 exhibetur.

420 1240 569 1287 Hyalina
588 1240 653 1281 est,
683 1242 804 1276 circulo
820 1242 905 1276 ovali
920 1245 1008 1276 intus
1025 1240 1197 1289 inscripta3
1225 1241 1279 1275 hic
1295 1240 1428 1276 mobilis
1458 1241 1502 1276 est
1522 1242 1553 1277 ἃ
1581 1244 1617 1279 in

421 1289 553 1329 medio,
575 1290 629 1324 vel
647 1288 760 1324 versus
777 1292 897 1331 antica,
924 1291 976 1325 vel
991 1290 1104 1325 versus
1127 1290 1266 1338 postica,
1292 1290 1433 1325 videtur.

523 1354 647 1391 Motus
666 1355 904 1395 vacillatorius,
935 1355 1017 1403 saepe
1033 1355 1149 1389 eodem
1168 1356 1203 1389 in
1227 1356 1317 1394 loco,
1347 1353 1479 1390 assumta
1508 1353 1614 1401 figura

420 1400 590 1450 sphaerica,
619 1403 851 1450 diugyratur,
881 1415 1018 1451 tumque
1041 1402 1207 1452 impressio
1236 1401 1428 1446 reniformis
1455 1405 1551 1438 oculo
1579 1409 1615 1440 in

420 1452 531 1486 medio
551 1454 701 1500 corporis
717 1452 847 1492 fistirur,
880 1454 1177 1500 animalculumque
1206 1454 1343 1492 halone,
1372 1452 1493 1500 absque
1513 1453 1613 1489 dubio

422 1512 440 1535 e
460 1501 540 1535 ciliis
557 1501 764 1536 vibrantibus
788 1501 1005 1537 invisibilibus
1027 1514 1117 1544 orto,
1141 1502 1279 1552 pulchre
1306 1503 1458 1548 cingitur.

528 1569 568 1600 In
584 1567 675 1614 aquis
690 1567 882 1614 purioribus
900 1565 1024 1616 paffim,

575 1671 648 1716 Fig.
668 1681 723 1715 14-
753 1670 805 1707 M
827 1671 953 1706 micam
970 1658 1106 1710 a'ufflm,

665 1729 722 1763 15.
747 1718 840 1753 valde
863 1718 1006 1759 aussarn,
1037 1718 1157 1755 sistunt.

706 1859 750 1904 7.
782 1850 991 1893 MONAS
1024 1863 1336 1909 TRANQHLLA·

487 1954 647 1998 Morus
681 1967 800 1999 ovata
832 1955 990 2009 hyalina
1032 1957 1215 2010 margine
1256 1958 1386 2011 nigro.
1458 1955 1556 1998 Ταῦ,
1580 1957 1609 1997 I.

425 2011 509 2066 Fig.
534 2021 550 2054 1
561 2014 599 2061 8.
1477 2064 1562 2099 Ani-
