<?xml version="1.0" encoding="UTF-8"?>
<!DOCTYPE html PUBLIC "-//W3C//DTD XHTML 1.0 Transitional//EN"
    "http://www.w3.org/TR/xhtml1/DTD/xhtml1-transitional.dtd">
<html xmlns="http://www.w3.org/1999/xhtml" xml:lang="en" lang="en">
 <head>
  <title>
</title>
<meta http-equiv="Content-Type" content="text/html;charset=utf-8" />
  <meta name='ocr-system' content='tesseract 3.04.00' />
  <meta name='ocr-capabilities' content='ocr_page ocr_carea ocr_par ocr_line ocrx_word'/>
</head>
<body>
  <div class='ocr_page' id='page_1' title='image "animalculainfuso00ml_0373.png"; bbox 0 0 1948 2679; ppageno 0'>
   <div class='ocr_carea' id='block_1_1' title="bbox 606 244 1346 296">
    <p class='ocr_par' dir='ltr' id='par_1_1' title="bbox 606 244 1346 296">
     <span class='ocr_line' id='line_1_1' title="bbox 606 244 1346 296; baseline 0.003 -18"><span class='ocrx_word' id='word_1_1' title='bbox 606 244 978 281; x_wconf 82' lang='lat' dir='ltr'><strong>VORITCELLA.</strong></span> <span class='ocrx_word' id='word_1_2' title='bbox 1271 255 1346 296; x_wconf 79' lang='lat'>305</span> 
     </span>
    </p>
   </div>
   <div class='ocr_carea' id='block_1_2' title="bbox 206 345 1394 543">
    <p class='ocr_par' dir='ltr' id='par_1_2' title="bbox 206 345 1394 543">
     <span class='ocr_line' id='line_1_2' title="bbox 313 345 1393 399; baseline 0.005 -16"><span class='ocrx_word' id='word_1_3' title='bbox 313 346 413 384; x_wconf 69' lang='lat' dir='ltr'>Hanc</span> <span class='ocrx_word' id='word_1_4' title='bbox 428 345 484 382; x_wconf 84' lang='lat' dir='ltr'>diu</span> <span class='ocrx_word' id='word_1_5' title='bbox 502 346 624 382; x_wconf 82' lang='lat' dir='ltr'>credidi</span> <span class='ocrx_word' id='word_1_6' title='bbox 646 347 748 385; x_wconf 81' lang='lat' dir='ltr'><em>Vort.</em></span> <span class='ocrx_word' id='word_1_7' title='bbox 776 348 959 388; x_wconf 85' lang='lat' dir='ltr'>Socialem‚</span> <span class='ocrx_word' id='word_1_8' title='bbox 986 350 1082 387; x_wconf 67' lang='lat' dir='ltr'>Rom.</span> <span class='ocrx_word' id='word_1_9' title='bbox 1104 348 1169 398; x_wconf 74' lang='lat' dir='ltr'>inst</span> <span class='ocrx_word' id='word_1_10' title='bbox 1191 361 1223 395; x_wconf 86' lang='lat'>3.</span> <span class='ocrx_word' id='word_1_11' title='bbox 1250 363 1281 399; x_wconf 85' lang='lat' dir='ltr'>p.</span> <span class='ocrx_word' id='word_1_12' title='bbox 1306 360 1393 398; x_wconf 76' lang='lat'><strong><em>585⁹.</em></strong></span> 
     </span>
     <span class='ocr_line' id='line_1_3' title="bbox 206 396 1394 446; baseline 0.003 -14"><span class='ocrx_word' id='word_1_13' title='bbox 206 406 231 432; x_wconf 87' lang='lat' dir='ltr'>t.</span> <span class='ocrx_word' id='word_1_14' title='bbox 249 408 306 444; x_wconf 84' lang='lat'>94.</span> <span class='ocrx_word' id='word_1_15' title='bbox 328 396 349 432; x_wconf 87' lang='lat' dir='ltr'>f.</span> <span class='ocrx_word' id='word_1_16' title='bbox 375 401 476 434; x_wconf 86' lang='lat'><strong>1—6.</strong></span> <span class='ocrx_word' id='word_1_17' title='bbox 496 408 517 430; x_wconf 91' lang='lat' dir='ltr'>t.</span> <span class='ocrx_word' id='word_1_18' title='bbox 538 409 586 442; x_wconf 86' lang='lat'>95</span> <span class='ocrx_word' id='word_1_19' title='bbox 605 397 636 431; x_wconf 73' lang='grc' dir='ltr'>ἃ</span> <span class='ocrx_word' id='word_1_20' title='bbox 655 401 712 443; x_wconf 84' lang='grc'>96.</span> <span class='ocrx_word' id='word_1_21' title='bbox 733 398 784 431; x_wconf 91' lang='lat' dir='ltr'>cui</span> <span class='ocrx_word' id='word_1_22' title='bbox 800 400 907 446; x_wconf 84' lang='lat' dir='ltr'>prima</span> <span class='ocrx_word' id='word_1_23' title='bbox 926 396 1006 433; x_wconf 79' lang='lat' dir='ltr'>facie</span> <span class='ocrx_word' id='word_1_24' title='bbox 1023 410 1060 433; x_wconf 94' lang='lat' dir='ltr'>ut</span> <span class='ocrx_word' id='word_1_25' title='bbox 1087 411 1188 433; x_wconf 88' lang='lat' dir='ltr'>ovum</span> <span class='ocrx_word' id='word_1_26' title='bbox 1204 412 1268 434; x_wconf 87' lang='lat' dir='ltr'>ovo</span> <span class='ocrx_word' id='word_1_27' title='bbox 1285 401 1394 436; x_wconf 76' lang='lat' dir='ltr'>similis</span> 
     </span>
     <span class='ocr_line' id='line_1_4' title="bbox 210 444 1392 498; baseline 0.003 -17"><span class='ocrx_word' id='word_1_28' title='bbox 210 447 270 485; x_wconf 85' lang='lat' dir='ltr'>est,</span> <span class='ocrx_word' id='word_1_29' title='bbox 300 458 329 480; x_wconf 78' lang='lat' dir='ltr'>at</span> <span class='ocrx_word' id='word_1_30' title='bbox 345 446 431 481; x_wconf 89' lang='lat' dir='ltr'>disco</span> <span class='ocrx_word' id='word_1_31' title='bbox 450 444 642 485; x_wconf 75' lang='lat' dir='ltr'>reniformi‚</span> <span class='ocrx_word' id='word_1_32' title='bbox 671 446 821 485; x_wconf 81' lang='lat' dir='ltr'>dilatato,</span> <span class='ocrx_word' id='word_1_33' title='bbox 847 448 1028 494; x_wconf 85' lang='lat' dir='ltr'>pellucido,</span> <span class='ocrx_word' id='word_1_34' title='bbox 1056 460 1092 482; x_wconf 84' lang='lat' dir='ltr'>ac</span> <span class='ocrx_word' id='word_1_35' title='bbox 1107 448 1214 482; x_wconf 90' lang='lat' dir='ltr'>ciliato</span> <span class='ocrx_word' id='word_1_36' title='bbox 1239 461 1392 498; x_wconf 74' lang='lat' dir='ltr'>corpore-</span> 
     </span>
     <span class='ocr_line' id='line_1_5' title="bbox 209 494 1022 543; baseline 0 -13"><span class='ocrx_word' id='word_1_37' title='bbox 209 509 273 543; x_wconf 87' lang='lat' dir='ltr'>que</span> <span class='ocrx_word' id='word_1_38' title='bbox 289 496 434 542; x_wconf 85' lang='lat' dir='ltr'>oblongo</span> <span class='ocrx_word' id='word_1_39' title='bbox 447 496 538 542; x_wconf 78' lang='lat' dir='ltr'>juxta</span> <span class='ocrx_word' id='word_1_40' title='bbox 552 494 676 529; x_wconf 88' lang='lat' dir='ltr'>discum</span> <span class='ocrx_word' id='word_1_41' title='bbox 694 494 860 540; x_wconf 77' lang='lat' dir='ltr'>angustato</span> <span class='ocrx_word' id='word_1_42' title='bbox 887 496 1022 534; x_wconf 80' lang='lat' dir='ltr'>diversa.</span> 
     </span>
    </p>
   </div>
   <div class='ocr_carea' id='block_1_3' title="bbox 206 559 1395 1086">
    <p class='ocr_par' dir='ltr' id='par_1_3' title="bbox 206 559 1395 1086">
     <span class='ocr_line' id='line_1_6' title="bbox 307 559 1391 611; baseline 0.003 -17"><span class='ocrx_word' id='word_1_43' title='bbox 307 561 410 595; x_wconf 89' lang='lat' dir='ltr'>Nudo</span> <span class='ocrx_word' id='word_1_44' title='bbox 441 561 536 594; x_wconf 90' lang='lat' dir='ltr'>oculo</span> <span class='ocrx_word' id='word_1_45' title='bbox 561 559 715 606; x_wconf 83' lang='lat' dir='ltr'>globulus</span> <span class='ocrx_word' id='word_1_46' title='bbox 740 559 915 595; x_wconf 81' lang='lat' dir='ltr'>flavescens</span> <span class='ocrx_word' id='word_1_47' title='bbox 942 560 1181 611; x_wconf 67' lang='lat' dir='ltr'>Ceratoplryllo</span> <span class='ocrx_word' id='word_1_48' title='bbox 1208 561 1391 603; x_wconf 72' lang='lat' dir='ltr'>adhaerens,</span> 
     </span>
     <span class='ocr_line' id='line_1_7' title="bbox 208 605 1393 659; baseline 0.002 -15"><span class='ocrx_word' id='word_1_49' title='bbox 208 608 360 644; x_wconf 85' lang='lat' dir='ltr'>flosculos</span> <span class='ocrx_word' id='word_1_50' title='bbox 385 610 533 646; x_wconf 68' lang='lat' dir='ltr'>Bellidis</span> <span class='ocrx_word' id='word_1_51' title='bbox 549 611 723 649; x_wconf 78' lang='lat' dir='ltr'>mentiens,</span> <span class='ocrx_word' id='word_1_52' title='bbox 751 609 965 657; x_wconf 79' lang='lat' dir='ltr'>conspicitur,</span> <span class='ocrx_word' id='word_1_53' title='bbox 993 612 1047 645; x_wconf 83' lang='lat' dir='ltr'>vel</span> <span class='ocrx_word' id='word_1_54' title='bbox 1069 605 1180 659; x_wconf 78' lang='lat' dir='ltr'>potius</span> <span class='ocrx_word' id='word_1_55' title='bbox 1203 616 1393 657; x_wconf 81' lang='lat' dir='ltr'>congeriem</span> 
     </span>
     <span class='ocr_line' id='line_1_8' title="bbox 207 658 1393 708; baseline 0.002 -15"><span class='ocrx_word' id='word_1_56' title='bbox 207 660 400 699; x_wconf 63' lang='lat' dir='ltr'>mulorum,</span> <span class='ocrx_word' id='word_1_57' title='bbox 428 660 480 693; x_wconf 87' lang='lat' dir='ltr'>vel</span> <span class='ocrx_word' id='word_1_58' title='bbox 502 659 614 693; x_wconf 84' lang='lat' dir='ltr'>nidum</span> <span class='ocrx_word' id='word_1_59' title='bbox 643 658 800 692; x_wconf 80' lang='lat' dir='ltr'>flavarum</span> <span class='ocrx_word' id='word_1_60' title='bbox 828 660 1070 700; x_wconf 82' lang='lat' dir='ltr'>araneolarum,</span> <span class='ocrx_word' id='word_1_61' title='bbox 1100 662 1155 707; x_wconf 87' lang='lat' dir='ltr'>qui</span> <span class='ocrx_word' id='word_1_62' title='bbox 1181 663 1291 708; x_wconf 89' lang='lat' dir='ltr'>primo</span> <span class='ocrx_word' id='word_1_63' title='bbox 1315 674 1393 695; x_wconf 82' lang='lat' dir='ltr'>vere</span> 
     </span>
     <span class='ocr_line' id='line_1_9' title="bbox 207 707 1394 756; baseline 0.001 -13"><span class='ocrx_word' id='word_1_64' title='bbox 207 710 243 743; x_wconf 88' lang='lat' dir='ltr'>in</span> <span class='ocrx_word' id='word_1_65' title='bbox 258 710 435 754; x_wconf 80' lang='lat' dir='ltr'>gramineis</span> <span class='ocrx_word' id='word_1_66' title='bbox 453 707 612 756; x_wconf 81' lang='lat' dir='ltr'>sylvaticis</span> <span class='ocrx_word' id='word_1_67' title='bbox 632 707 745 755; x_wconf 79' lang='lat' dir='ltr'>saepius</span> <span class='ocrx_word' id='word_1_68' title='bbox 764 708 960 748; x_wconf 73' lang='lat' dir='ltr'>offenditur,</span> <span class='ocrx_word' id='word_1_69' title='bbox 989 709 1069 744; x_wconf 86' lang='lat' dir='ltr'>adeo</span> <span class='ocrx_word' id='word_1_70' title='bbox 1092 708 1212 750; x_wconf 78' lang='lat' dir='ltr'>refert,</span> <span class='ocrx_word' id='word_1_71' title='bbox 1241 722 1277 744; x_wconf 88' lang='lat' dir='ltr'>ut</span> <span class='ocrx_word' id='word_1_72' title='bbox 1296 711 1394 745; x_wconf 79' lang='lat' dir='ltr'>talem</span> 
     </span>
     <span class='ocr_line' id='line_1_10' title="bbox 206 756 1393 804; baseline 0.001 -13"><span class='ocrx_word' id='word_1_73' title='bbox 206 757 349 804; x_wconf 78' lang='lat' dir='ltr'>jurares;</span> <span class='ocrx_word' id='word_1_74' title='bbox 380 757 511 792; x_wconf 83' lang='lat' dir='ltr'>admoto</span> <span class='ocrx_word' id='word_1_75' title='bbox 531 756 747 803; x_wconf 73' lang='lat' dir='ltr'>niicroscopio</span> <span class='ocrx_word' id='word_1_76' title='bbox 775 760 946 802; x_wconf 80' lang='lat' dir='ltr'>congeries</span> <span class='ocrx_word' id='word_1_77' title='bbox 977 759 1254 795; x_wconf 80' lang='lat' dir='ltr'>Vorticellarmn</span> <span class='ocrx_word' id='word_1_78' title='bbox 1278 772 1295 794; x_wconf 88' lang='lat' dir='ltr'>e</span> <span class='ocrx_word' id='word_1_79' title='bbox 1319 772 1393 793; x_wconf 84' lang='lat' dir='ltr'>cen-</span> 
     </span>
     <span class='ocr_line' id='line_1_11' title="bbox 209 805 1393 854; baseline 0.003 -14"><span class='ocrx_word' id='word_1_80' title='bbox 209 819 260 841; x_wconf 72' lang='lat' dir='ltr'>tro</span> <span class='ocrx_word' id='word_1_81' title='bbox 281 807 411 841; x_wconf 87' lang='lat' dir='ltr'>mueido</span> <span class='ocrx_word' id='word_1_82' title='bbox 443 806 599 854; x_wconf 72' lang='lat' dir='ltr'>sphaeram</span> <span class='ocrx_word' id='word_1_83' title='bbox 625 805 803 853; x_wconf 64' lang='lat' dir='ltr'>pcrfestam</span> <span class='ocrx_word' id='word_1_84' title='bbox 826 806 1091 841; x_wconf 83' lang='lat' dir='ltr'>constituentium</span> <span class='ocrx_word' id='word_1_85' title='bbox 1119 808 1302 853; x_wconf 81' lang='lat' dir='ltr'>detegitur3</span> <span class='ocrx_word' id='word_1_86' title='bbox 1331 812 1393 843; x_wconf 75' lang='lat' dir='ltr'>l-Iae</span> 
     </span>
     <span class='ocr_line' id='line_1_12' title="bbox 208 854 1392 904; baseline 0.001 -14"><span class='ocrx_word' id='word_1_87' title='bbox 208 855 391 901; x_wconf 79' lang='lat' dir='ltr'>fingulatim</span> <span class='ocrx_word' id='word_1_88' title='bbox 411 857 461 890; x_wconf 88' lang='lat' dir='ltr'>vel</span> <span class='ocrx_word' id='word_1_89' title='bbox 478 858 590 904; x_wconf 84' lang='lat' dir='ltr'>plures</span> <span class='ocrx_word' id='word_1_90' title='bbox 605 855 696 890; x_wconf 79' lang='lat' dir='ltr'>limnl</span> <span class='ocrx_word' id='word_1_91' title='bbox 714 854 903 902; x_wconf 78' lang='lat' dir='ltr'>corpuscula</span> <span class='ocrx_word' id='word_1_92' title='bbox 922 854 976 890; x_wconf 76' lang='lat' dir='ltr'>sua</span> <span class='ocrx_word' id='word_1_93' title='bbox 993 856 1193 895; x_wconf 79' lang='lat' dir='ltr'>extendunt,</span> <span class='ocrx_word' id='word_1_94' title='bbox 1221 857 1251 890; x_wconf 71' lang='grc' dir='ltr'>ἃ</span> <span class='ocrx_word' id='word_1_95' title='bbox 1266 870 1392 891; x_wconf 73' lang='lat' dir='ltr'>contra-</span> 
     </span>
     <span class='ocr_line' id='line_1_13' title="bbox 209 903 1394 953; baseline 0.003 -14"><span class='ocrx_word' id='word_1_96' title='bbox 209 905 293 939; x_wconf 79' lang='lat' dir='ltr'>hunt</span> <span class='ocrx_word' id='word_1_97' title='bbox 314 918 347 939; x_wconf 78' lang='lat' dir='ltr'>ac</span> <span class='ocrx_word' id='word_1_98' title='bbox 364 905 450 939; x_wconf 89' lang='lat' dir='ltr'>disco</span> <span class='ocrx_word' id='word_1_99' title='bbox 470 907 582 953; x_wconf 63' lang='lat' dir='ltr'>capitis</span> <span class='ocrx_word' id='word_1_100' title='bbox 600 903 774 939; x_wconf 84' lang='lat' dir='ltr'>reniformi</span> <span class='ocrx_word' id='word_1_101' title='bbox 794 905 901 939; x_wconf 79' lang='lat' dir='ltr'>ciliato</span> <span class='ocrx_word' id='word_1_102' title='bbox 920 907 1080 940; x_wconf 85' lang='lat' dir='ltr'>vorticem</span> <span class='ocrx_word' id='word_1_103' title='bbox 1095 907 1130 941; x_wconf 88' lang='lat' dir='ltr'>in</span> <span class='ocrx_word' id='word_1_104' title='bbox 1144 918 1225 952; x_wconf 79' lang='lat' dir='ltr'>aqua</span> <span class='ocrx_word' id='word_1_105' title='bbox 1243 908 1394 943; x_wconf 85' lang='lat' dir='ltr'>excitant.</span> 
     </span>
     <span class='ocr_line' id='line_1_14' title="bbox 210 954 1390 1002; baseline 0.002 -14"><span class='ocrx_word' id='word_1_106' title='bbox 210 955 366 995; x_wconf 67' lang='lat' dir='ltr'>Quaedum</span> <span class='ocrx_word' id='word_1_107' title='bbox 387 954 568 989; x_wconf 65' lang='lat' dir='ltr'>societatem</span> <span class='ocrx_word' id='word_1_108' title='bbox 586 954 753 993; x_wconf 78' lang='lat' dir='ltr'>delemur,</span> <span class='ocrx_word' id='word_1_109' title='bbox 781 965 890 987; x_wconf 82' lang='lat' dir='ltr'>motus</span> <span class='ocrx_word' id='word_1_110' title='bbox 906 956 1061 1002; x_wconf 85' lang='lat' dir='ltr'>proprios</span> <span class='ocrx_word' id='word_1_111' title='bbox 1085 956 1119 989; x_wconf 92' lang='lat' dir='ltr'>in</span> <span class='ocrx_word' id='word_1_112' title='bbox 1147 967 1227 1001; x_wconf 82' lang='lat' dir='ltr'>aqua</span> <span class='ocrx_word' id='word_1_113' title='bbox 1252 956 1390 996; x_wconf 82' lang='lat' dir='ltr'>cientes,</span> 
     </span>
     <span class='ocr_line' id='line_1_15' title="bbox 208 1003 1395 1054; baseline 0.003 -18"><span class='ocrx_word' id='word_1_114' title='bbox 208 1016 243 1038; x_wconf 85' lang='lat' dir='ltr'>ae</span> <span class='ocrx_word' id='word_1_115' title='bbox 263 1005 319 1037; x_wconf 64' lang='lat' dir='ltr'>hae</span> <span class='ocrx_word' id='word_1_116' title='bbox 339 1005 463 1037; x_wconf 64' lang='lat' dir='ltr'>unione</span> <span class='ocrx_word' id='word_1_117' title='bbox 481 1005 584 1037; x_wconf 68' lang='lat' dir='ltr'>:sibus</span> <span class='ocrx_word' id='word_1_118' title='bbox 599 1004 747 1051; x_wconf 78' lang='lat' dir='ltr'>partibus</span> <span class='ocrx_word' id='word_1_119' title='bbox 764 1003 909 1037; x_wconf 83' lang='lat' dir='ltr'>constare</span> <span class='ocrx_word' id='word_1_120' title='bbox 928 1003 1104 1045; x_wconf 87' lang='lat' dir='ltr'>videntur,</span> <span class='ocrx_word' id='word_1_121' title='bbox 1135 1005 1241 1054; x_wconf 81' lang='lat' dir='ltr'>capite</span> <span class='ocrx_word' id='word_1_122' title='bbox 1260 1017 1395 1054; x_wconf 83' lang='lat' dir='ltr'>nempe,</span> 
     </span>
     <span class='ocr_line' id='line_1_16' title="bbox 208 1052 564 1086; baseline 0 0"><span class='ocrx_word' id='word_1_123' title='bbox 208 1052 384 1086; x_wconf 75' lang='lat' dir='ltr'>abdomine</span> <span class='ocrx_word' id='word_1_124' title='bbox 403 1053 434 1086; x_wconf 77' lang='grc' dir='ltr'>δι</span> <span class='ocrx_word' id='word_1_125' title='bbox 457 1052 564 1086; x_wconf 81' lang='lat' dir='ltr'>cauda.</span> 
     </span>
    </p>
   </div>
   <div class='ocr_carea' id='block_1_4' title="bbox 205 1115 1395 1409">
    <p class='ocr_par' dir='ltr' id='par_1_4' title="bbox 205 1115 1395 1409">
     <span class='ocr_line' id='line_1_17' title="bbox 309 1115 1393 1166; baseline 0.003 -15"><span class='ocrx_word' id='word_1_126' title='bbox 309 1119 416 1164; x_wconf 80' lang='lat' dir='ltr'>Caput</span> <span class='ocrx_word' id='word_1_127' title='bbox 432 1115 514 1164; x_wconf 84' lang='lat' dir='ltr'>saepe</span> <span class='ocrx_word' id='word_1_128' title='bbox 531 1117 574 1151; x_wconf 84' lang='lat' dir='ltr'>ita</span> <span class='ocrx_word' id='word_1_129' title='bbox 589 1118 624 1151; x_wconf 92' lang='lat' dir='ltr'>in</span> <span class='ocrx_word' id='word_1_130' title='bbox 641 1115 804 1151; x_wconf 84' lang='lat' dir='ltr'>abdomen</span> <span class='ocrx_word' id='word_1_131' title='bbox 819 1117 1012 1157; x_wconf 86' lang='lat' dir='ltr'>retrahitur,</span> <span class='ocrx_word' id='word_1_132' title='bbox 1040 1129 1077 1152; x_wconf 90' lang='lat' dir='ltr'>ut</span> <span class='ocrx_word' id='word_1_133' title='bbox 1096 1119 1223 1153; x_wconf 87' lang='lat' dir='ltr'>nullum</span> <span class='ocrx_word' id='word_1_134' title='bbox 1248 1119 1317 1166; x_wconf 82' lang='lat' dir='ltr'>ejus</span> <span class='ocrx_word' id='word_1_135' title='bbox 1339 1132 1393 1154; x_wconf 87' lang='lat' dir='ltr'>ve-</span> 
     </span>
     <span class='ocr_line' id='line_1_18' title="bbox 206 1165 1393 1214; baseline 0.003 -14"><span class='ocrx_word' id='word_1_136' title='bbox 206 1165 337 1212; x_wconf 84' lang='lat' dir='ltr'>stigium</span> <span class='ocrx_word' id='word_1_137' title='bbox 360 1165 510 1214; x_wconf 81' lang='lat' dir='ltr'>supersit,</span> <span class='ocrx_word' id='word_1_138' title='bbox 541 1167 705 1201; x_wconf 76' lang='lat' dir='ltr'>exlertum</span> <span class='ocrx_word' id='word_1_139' title='bbox 729 1178 810 1200; x_wconf 82' lang='lat' dir='ltr'>vcro</span> <span class='ocrx_word' id='word_1_140' title='bbox 838 1166 994 1201; x_wconf 85' lang='lat' dir='ltr'>monstrat</span> <span class='ocrx_word' id='word_1_141' title='bbox 1015 1166 1137 1201; x_wconf 85' lang='lat' dir='ltr'>discum</span> <span class='ocrx_word' id='word_1_142' title='bbox 1162 1168 1281 1207; x_wconf 83' lang='lat' dir='ltr'>latum,</span> <span class='ocrx_word' id='word_1_143' title='bbox 1308 1173 1393 1203; x_wconf 88' lang='lat' dir='ltr'>reni-</span> 
     </span>
     <span class='ocr_line' id='line_1_19' title="bbox 206 1214 1392 1263; baseline 0.002 -13"><span class='ocrx_word' id='word_1_144' title='bbox 206 1214 352 1250; x_wconf 82' lang='lat' dir='ltr'>formem</span> <span class='ocrx_word' id='word_1_145' title='bbox 370 1241 379 1255; x_wconf 91' lang='lat'>,</span> <span class='ocrx_word' id='word_1_146' title='bbox 422 1215 642 1262; x_wconf 72' lang='lat' dir='ltr'>crystallinum</span> <span class='ocrx_word' id='word_1_147' title='bbox 657 1240 665 1253; x_wconf 91' lang='lat'>‚</span> <span class='ocrx_word' id='word_1_148' title='bbox 703 1214 1008 1263; x_wconf 71' lang='lat' dir='ltr'>pelluc1dils1&#39;mu111,</span> <span class='ocrx_word' id='word_1_149' title='bbox 1053 1218 1201 1262; x_wconf 78' lang='lat' dir='ltr'>margine</span> <span class='ocrx_word' id='word_1_150' title='bbox 1226 1218 1392 1260; x_wconf 75' lang='lat' dir='ltr'>ciliarum;</span> 
     </span>
     <span class='ocr_line' id='line_1_20' title="bbox 209 1263 1395 1313; baseline 0.002 -15"><span class='ocrx_word' id='word_1_151' title='bbox 209 1266 292 1299; x_wconf 78' lang='lat' dir='ltr'>Cilm</span> <span class='ocrx_word' id='word_1_152' title='bbox 312 1266 394 1313; x_wconf 80' lang='lat' dir='ltr'>{aepe</span> <span class='ocrx_word' id='word_1_153' title='bbox 411 1266 582 1299; x_wconf 81' lang='lat' dir='ltr'>celerrime</span> <span class='ocrx_word' id='word_1_154' title='bbox 602 1276 768 1304; x_wconf 84' lang='lat' dir='ltr'>rotantur,</span> <span class='ocrx_word' id='word_1_155' title='bbox 795 1263 930 1313; x_wconf 84' lang='lat' dir='ltr'>ipseque</span> <span class='ocrx_word' id='word_1_156' title='bbox 945 1265 1051 1300; x_wconf 86' lang='lat' dir='ltr'>discus</span> <span class='ocrx_word' id='word_1_157' title='bbox 1073 1266 1111 1299; x_wconf 88' lang='lat' dir='ltr'>ad</span> <span class='ocrx_word' id='word_1_158' title='bbox 1128 1266 1260 1300; x_wconf 87' lang='lat' dir='ltr'>libitum</span> <span class='ocrx_word' id='word_1_159' title='bbox 1278 1268 1343 1313; x_wconf 79' lang='lat' dir='ltr'>jam</span> <span class='ocrx_word' id='word_1_160' title='bbox 1361 1265 1395 1302; x_wconf 84' lang='lat' dir='ltr'>se</span> 
     </span>
     <span class='ocr_line' id='line_1_21' title="bbox 205 1313 1394 1362; baseline 0.003 -15"><span class='ocrx_word' id='word_1_161' title='bbox 205 1315 304 1362; x_wconf 85' lang='lat' dir='ltr'>plane</span> <span class='ocrx_word' id='word_1_162' title='bbox 330 1315 579 1348; x_wconf 78' lang='lat' dir='ltr'>horizontaliter</span> <span class='ocrx_word' id='word_1_163' title='bbox 613 1313 813 1356; x_wconf 84' lang='lat' dir='ltr'>extendere,</span> <span class='ocrx_word' id='word_1_164' title='bbox 853 1313 921 1361; x_wconf 81' lang='lat' dir='ltr'>jam</span> <span class='ocrx_word' id='word_1_165' title='bbox 946 1315 1047 1350; x_wconf 80' lang='lat' dir='ltr'>latera</span> <span class='ocrx_word' id='word_1_166' title='bbox 1070 1313 1394 1353; x_wconf 16' lang='lat' dir='ltr'>lobiformiaiereaa</span> 
     </span>
     <span class='ocr_line' id='line_1_22' title="bbox 206 1361 634 1409; baseline 0.007 -12"><span class='ocrx_word' id='word_1_167' title='bbox 206 1361 293 1398; x_wconf 70' lang='lat' dir='ltr'>arste</span> <span class='ocrx_word' id='word_1_168' title='bbox 317 1363 521 1409; x_wconf 83' lang='lat' dir='ltr'>conjungere</span> <span class='ocrx_word' id='word_1_169' title='bbox 538 1362 634 1400; x_wconf 83' lang='lat' dir='ltr'>valet.</span> 
     </span>
    </p>
   </div>
   <div class='ocr_carea' id='block_1_5' title="bbox 206 1427 1394 1624">
    <p class='ocr_par' dir='ltr' id='par_1_5' title="bbox 206 1427 1394 1624">
     <span class='ocr_line' id='line_1_23' title="bbox 304 1427 1392 1478; baseline 0.002 -16"><span class='ocrx_word' id='word_1_170' title='bbox 304 1428 482 1462; x_wconf 89' lang='lat' dir='ltr'>Abdomen</span> <span class='ocrx_word' id='word_1_171' title='bbox 498 1427 811 1474; x_wconf 82' lang='lat' dir='ltr'>ovato-oblongum,</span> <span class='ocrx_word' id='word_1_172' title='bbox 836 1429 1048 1475; x_wconf 88' lang='lat' dir='ltr'>pellucidum,</span> <span class='ocrx_word' id='word_1_173' title='bbox 1074 1441 1170 1478; x_wconf 83' lang='lat' dir='ltr'>caput</span> <span class='ocrx_word' id='word_1_174' title='bbox 1186 1428 1297 1465; x_wconf 86' lang='lat' dir='ltr'>versus</span> <span class='ocrx_word' id='word_1_175' title='bbox 1317 1441 1392 1464; x_wconf 82' lang='lat' dir='ltr'>atte-</span> 
     </span>
     <span class='ocr_line' id='line_1_24' title="bbox 207 1477 1394 1525; baseline -0.001 -12"><span class='ocrx_word' id='word_1_176' title='bbox 207 1489 354 1517; x_wconf 84' lang='lat' dir='ltr'>nuatum,</span> <span class='ocrx_word' id='word_1_177' title='bbox 378 1479 476 1511; x_wconf 83' lang='lat' dir='ltr'>variis</span> <span class='ocrx_word' id='word_1_178' title='bbox 491 1478 649 1512; x_wconf 87' lang='lat' dir='ltr'>intestinis</span> <span class='ocrx_word' id='word_1_179' title='bbox 666 1477 811 1512; x_wconf 74' lang='lat' dir='ltr'>obscuris</span> <span class='ocrx_word' id='word_1_180' title='bbox 828 1478 1008 1525; x_wconf 78' lang='lat' dir='ltr'>repletum3</span> <span class='ocrx_word' id='word_1_181' title='bbox 1035 1481 1123 1514; x_wconf 86' lang='lat' dir='ltr'>inter</span> <span class='ocrx_word' id='word_1_182' title='bbox 1138 1480 1205 1515; x_wconf 72' lang='lat' dir='ltr'>haec</span> <span class='ocrx_word' id='word_1_183' title='bbox 1224 1477 1394 1514; x_wconf 71' lang='lat' dir='ltr'>distinffls-</span> 
     </span>
     <span class='ocr_line' id='line_1_25' title="bbox 206 1526 1392 1577; baseline -0.004 -16"><span class='ocrx_word' id='word_1_184' title='bbox 206 1526 284 1561; x_wconf 81' lang='lat' dir='ltr'>fima</span> <span class='ocrx_word' id='word_1_185' title='bbox 298 1526 341 1561; x_wconf 89' lang='lat' dir='ltr'>est</span> <span class='ocrx_word' id='word_1_186' title='bbox 358 1527 483 1560; x_wconf 88' lang='lat' dir='ltr'>macula</span> <span class='ocrx_word' id='word_1_187' title='bbox 499 1527 594 1560; x_wconf 90' lang='lat' dir='ltr'>unica</span> <span class='ocrx_word' id='word_1_188' title='bbox 613 1537 720 1565; x_wconf 80' lang='lat' dir='ltr'>ovata,</span> <span class='ocrx_word' id='word_1_189' title='bbox 745 1527 795 1559; x_wconf 81' lang='lat' dir='ltr'>vel</span> <span class='ocrx_word' id='word_1_190' title='bbox 822 1527 891 1562; x_wconf 80' lang='lat' dir='ltr'>duae</span> <span class='ocrx_word' id='word_1_191' title='bbox 912 1526 1045 1570; x_wconf 69' lang='lat' dir='ltr'>diversa:</span> <span class='ocrx_word' id='word_1_192' title='bbox 1071 1528 1323 1577; x_wconf 82' lang='lat' dir='ltr'>magnitudinis,</span> <span class='ocrx_word' id='word_1_193' title='bbox 1348 1527 1392 1563; x_wconf 84' lang='lat' dir='ltr'>sa.</span> 
     </span>
     <span class='ocr_line' id='line_1_26' title="bbox 206 1572 855 1624; baseline 0 -13"><span class='ocrx_word' id='word_1_194' title='bbox 206 1586 312 1611; x_wconf 87' lang='lat' dir='ltr'>turate</span> <span class='ocrx_word' id='word_1_195' title='bbox 321 1572 418 1615; x_wconf 82' lang='lat' dir='ltr'>fusca,</span> <span class='ocrx_word' id='word_1_196' title='bbox 447 1587 560 1624; x_wconf 84' lang='lat' dir='ltr'>opaca,</span> <span class='ocrx_word' id='word_1_197' title='bbox 583 1587 623 1609; x_wconf 88' lang='lat' dir='ltr'>an</span> <span class='ocrx_word' id='word_1_198' title='bbox 639 1575 706 1609; x_wconf 79' lang='lat' dir='ltr'>haec</span> <span class='ocrx_word' id='word_1_199' title='bbox 724 1577 855 1611; x_wconf 81' lang='lat' dir='ltr'>ovaria‘?</span> 
     </span>
    </p>
   </div>
   <div class='ocr_carea' id='block_1_6' title="bbox 204 1637 1394 1739">
    <p class='ocr_par' dir='ltr' id='par_1_6' title="bbox 204 1637 1394 1739">
     <span class='ocr_line' id='line_1_27' title="bbox 310 1637 1394 1690; baseline 0.002 -15"><span class='ocrx_word' id='word_1_200' title='bbox 310 1642 420 1676; x_wconf 75' lang='lat' dir='ltr'>Cauda</span> <span class='ocrx_word' id='word_1_201' title='bbox 445 1637 727 1679; x_wconf 72' lang='lat' dir='ltr'>acnrninariffima,</span> <span class='ocrx_word' id='word_1_202' title='bbox 760 1639 935 1676; x_wconf 85' lang='lat' dir='ltr'>abdomine</span> <span class='ocrx_word' id='word_1_203' title='bbox 958 1640 1060 1690; x_wconf 87' lang='lat' dir='ltr'>duplo</span> <span class='ocrx_word' id='word_1_204' title='bbox 1082 1641 1233 1688; x_wconf 84' lang='lat' dir='ltr'>longior,</span> <span class='ocrx_word' id='word_1_205' title='bbox 1264 1643 1394 1678; x_wconf 79' lang='lat' dir='ltr'>annulis</span> 
     </span>
     <span class='ocr_line' id='line_1_28' title="bbox 204 1688 822 1739; baseline -0.003 -13"><span class='ocrx_word' id='word_1_206' title='bbox 204 1689 436 1739; x_wconf 86' lang='lat' dir='ltr'>frequentibus</span> <span class='ocrx_word' id='word_1_207' title='bbox 453 1688 632 1735; x_wconf 82' lang='lat' dir='ltr'>rugosavel</span> <span class='ocrx_word' id='word_1_208' title='bbox 648 1700 714 1724; x_wconf 86' lang='lat' dir='ltr'>tota</span> <span class='ocrx_word' id='word_1_209' title='bbox 725 1689 822 1724; x_wconf 80' lang='lat' dir='ltr'>laevis.</span> 
     </span>
    </p>
   </div>
   <div class='ocr_carea' id='block_1_7' title="bbox 205 1753 1391 1843">
    <p class='ocr_par' dir='ltr' id='par_1_7' title="bbox 205 1753 1391 1843">
     <span class='ocr_line' id='line_1_29' title="bbox 307 1753 1391 1806; baseline 0 -16"><span class='ocrx_word' id='word_1_210' title='bbox 307 1758 345 1790; x_wconf 86' lang='lat' dir='ltr'>In</span> <span class='ocrx_word' id='word_1_211' title='bbox 364 1753 602 1803; x_wconf 63' lang='lat' dir='ltr'>Ceratophvllo</span> <span class='ocrx_word' id='word_1_212' title='bbox 629 1754 833 1801; x_wconf 83' lang='lat' dir='ltr'>Septembri,</span> <span class='ocrx_word' id='word_1_213' title='bbox 871 1767 907 1788; x_wconf 87' lang='lat' dir='ltr'>ac</span> <span class='ocrx_word' id='word_1_214' title='bbox 930 1754 1012 1805; x_wconf 77' lang='lat' dir='ltr'>saepe</span> <span class='ocrx_word' id='word_1_215' title='bbox 1038 1756 1073 1790; x_wconf 88' lang='lat' dir='ltr'>in</span> <span class='ocrx_word' id='word_1_216' title='bbox 1095 1755 1256 1806; x_wconf 84' lang='lat' dir='ltr'>paludofis</span> <span class='ocrx_word' id='word_1_217' title='bbox 1279 1758 1391 1805; x_wconf 84' lang='lat' dir='ltr'>primo</span> 
     </span>
     <span class='ocr_line' id='line_1_30' title="bbox 205 1803 1265 1843; baseline -0.009 2"><span class='ocrx_word' id='word_1_218' title='bbox 205 1818 282 1843; x_wconf 83' lang='lat' dir='ltr'>vere</span> <span class='ocrx_word' id='word_1_219' title='bbox 300 1818 374 1841; x_wconf 87' lang='lat' dir='ltr'>cum</span> <span class='ocrx_word' id='word_1_220' title='bbox 393 1804 497 1843; x_wconf 80' lang='lat' dir='ltr'><em>Volv.</em></span> <span class='ocrx_word' id='word_1_221' title='bbox 520 1803 717 1841; x_wconf 71' lang='lat' dir='ltr'>Globatore.</span> <span class='ocrx_word' id='word_1_222' title='bbox 1263 1820 1265 1823; x_wconf 92' lang='lat'><em>-</em></span> 
     </span>
    </p>
   </div>
   <div class='ocr_carea' id='block_1_8' title="bbox 356 1908 1390 2001">
    <p class='ocr_par' dir='ltr' id='par_1_8' title="bbox 356 1908 1390 2001">
     <span class='ocr_line' id='line_1_31' title="bbox 356 1908 1390 1993; baseline -0.003 -46"><span class='ocrx_word' id='word_1_223' title='bbox 356 1911 430 1958; x_wconf 87' lang='lat' dir='ltr'>Fig.</span> <span class='ocrx_word' id='word_1_224' title='bbox 449 1912 505 1948; x_wconf 68' lang='lat'>16.</span> <span class='ocrx_word' id='word_1_225' title='bbox 545 1909 647 1948; x_wconf 75' lang='lat' dir='ltr'><em>Vort.</em></span> <span class='ocrx_word' id='word_1_226' title='bbox 673 1908 915 1993; x_wconf 65' lang='lat' dir='ltr'>Fllqsculosam,</span> <span class='ocrx_word' id='word_1_227' title='bbox 937 1908 1164 1959; x_wconf 70' lang='lat' dir='ltr'>ceratophyllo</span> <span class='ocrx_word' id='word_1_228' title='bbox 1186 1908 1390 1949; x_wconf 84' lang='lat' dir='ltr'>insidentem,</span> 
     </span>
     <span class='ocr_line' id='line_1_32' title="bbox 597 1969 752 2001; baseline -0.013 -6"><span class='ocrx_word' id='word_1_229' title='bbox 597 1969 709 1995; x_wconf 83' lang='lat' dir='ltr'>natura</span> <span class='ocrx_word' id='word_1_230' title='bbox 723 1971 752 2001; x_wconf 79' lang='grc' dir='ltr'>ι,</span> 
     </span>
    </p>
   </div>
   <div class='ocr_carea' id='block_1_9' title="bbox 765 2043 1337 2110">
    <p class='ocr_par' dir='ltr' id='par_1_9' title="bbox 765 2043 1337 2110">
     <span class='ocr_line' id='line_1_33' title="bbox 765 2043 1337 2110; baseline 0 -11"><span class='ocrx_word' id='word_1_231' title='bbox 765 2065 797 2104; x_wconf 91' lang='lat' dir='ltr'><strong>Q</strong></span> <span class='ocrx_word' id='word_1_232' title='bbox 820 2075 841 2110; x_wconf 89' lang='lat' dir='ltr'>q</span> <span class='ocrx_word' id='word_1_233' title='bbox 861 2043 866 2047; x_wconf 70' lang='grc'><strong>’</strong></span> <span class='ocrx_word' id='word_1_234' title='bbox 1262 2065 1337 2110; x_wconf 80' lang='lat' dir='ltr'>Fig.</span> 
     </span>
    </p>
   </div>
  </div>
 </body>
</html>
