1948 2679
493 260 542 284 22
925 250 1162 290 VOLVOX'.

716 363 786 409 24.
827 354 1078 400 VOLVOX
1111 367 1365 421 vssossrANs.

509 462 699 507 Vonvox
723 466 886 508 ramulis
914 466 1161 521 simplicibus
1181 467 1224 509 &
1241 467 1497 521 dichotomiS,
1513 461 1641 513 rosula

447 517 893 573 globulariterminatis.
967 524 1064 589 Tqb.
1084 525 1157 566 Ill.
1195 524 1282 580 Fig.
1306 534 1496 578 22—25.

544 630 657 666 Floeci
674 630 790 666 ramosi
807 634 919 680 opaci,
945 632 1042 668 oculo
1059 631 1150 668 nudo
1178 631 1384 681 inconspicui
1401 646 1411 676 ;
1453 635 1546 670 Rami
1573 636 1640 684 api·

446 682 520 713 e'em
536 678 649 715 versus
665 681 793 728 hyalini
810 680 1051 729 pellucidiffimi
1073 682 1181 717 rosula
1203 695 1221 717 e
1245 683 1447 730 corpusculis
1474 686 1640 724 minimis,

448 727 618 767 ovalibus,
655 730 841 777 pellucidis,
878 733 1109 769 terminantur.
1159 731 1353 766 Sertularias
1376 733 1496 767 dehinc
1520 737 1640 768 micro-

447 775 591 823 scopicas
609 776 782 814 fluviatiles
797 779 858 815 ess'e
872 781 904 815 &
924 781 988 815 dici
1004 779 1093 830 posse
1111 780 1254 820 credidi,
1282 793 1376 816 motu
1389 795 1472 817 vero
1498 784 1588 817 nullo
1605 785 1641 817 in

448 825 564 861 rosulis
588 828 814 864 animadverso
845 829 1036 865 mucoribus
1061 831 1273 866 annumerari
1302 835 1427 866 cautius
1450 831 1556 866 vlsum
1577 831 1640 874 est;

448 886 479 909 at
497 877 648 923 pertinax
667 877 802 913 demum
820 879 1003 914 observatio
1021 892 1149 915 motum
1165 880 1350 915 rosularum
1375 882 1410 915 in
1434 882 1568 915 ramulis
1587 881 1641 916 de-

429 925 545 964 .texit,
573 924 788 973 discessusque
806 928 984 963 earundem
1001 929 1040 963 ab
1069 929 1216 976 apicibus
1245 929 1467 969 ramulorum,
1495 942 1531 963 ac
1555 930 1642 964 lenta

448 973 482 1007 ἃ
499 973 602 1007 hbera
616 975 651 1008 in
668 976 797 1020 guttula
815 977 992 1016 volutatio,
1015 977 1267 1019 admirationem
1298 990 1368 1012 non
1386 978 1493 1013 levem
1516 979 1642 1025 injecit.

450 1022 595 1058 Credere
610 1022 782 1059 voluissem
799 1027 968 1063 Monades
985 1024 1170 1061 societatem
1186 1026 1279 1072 juxta
1299 1028 1442 1063 ramulos
1460 1027 1643 1064 floccorum

447 1070 570 1112 iniisse,
596 1073 724 1120 hosque
745 1086 807 1121 pro
823 1074 929 1108 lubitu
946 1075 1172 1122 relinquentes
1186 1075 1287 1108 vitam
1305 1073 1518 1111 sedentariam
1531 1079 1565 1111 in
1586 1090 1641 1126 pc-
1672 1074 1675 1076 ’

448 1121 652 1168 ripateticam
680 1120 832 1157 socialem
856 1122 1011 1165 mutasse,
1054 1136 1085 1158 at
1110 1122 1201 1158 sedes
1227 1137 1261 1157 m
1288 1124 1456 1171 apicibus,
1485 1139 1554 1160 non
1581 1128 1642 1161 alia

448 1170 653 1205 ramulorum
669 1183 771 1220 parte,
798 1172 966 1216 eonstans;
994 1174 1198 1208 ramulorum
1216 1171 1389 1207 substantia
1402 1174 1551 1209 tubulol'a
1561 1173 1642 1209 farc-

451 1229 481 1252 ta
500 1219 663 1267 &opaca,
689 1223 945 1269 extremitasque
962 1224 1010 1257 uti
1034 1225 1070 1257 in
1087 1221 1295 1258 Sertulariis
1324 1223 1474 1269 hyalina,
1500 1224 1641 1259 ramulo·
1674 1225 1676 1227 ’

449 1279 592 1314 rumque
614 1269 784 1305 dereliffio
802 1273 850 1305 uti
879 1274 915 1305 in
946 1272 1143 1308 Vorticella
1170 1271 1378 1314 Anastatica
1399 1272 1430 1307 ἀ
1445 1272 1641 1321 flofiulosa,

451 1328 506 1350 me
522 1316 634 1353 saltem
661 1318 855 1365 ambiguum
883 1318 1045 1356 fecerunt.
1097 1320 1195 1356 Plura
1219 1321 1418 1369 exemplaria
1442 1325 1566 1370 reperi,
1592 1336 1641 1357 ra-

453 1366 537 1450 mukli
559 1367 754 1451 {exustiones
783 1369 947 1410 derelistb
986 1370 1135 1418 juniores
1166 1381 1248 1405 vero
1280 1372 1341 1405 toti
1375 1371 1502 1419 hyalini
1534 1370 1642 1407 rosula

452 1415 502 1450 inl
518 1429 554 1450 ru
591 1418 612 1451 i.

557 1484 596 1517 In
612 1495 692 1531 aqua
710 1482 875 1525 fluviatili,
896 1483 1090 1520 Novembri
1110 1493 1205 1532 1779
1230 1484 1263 1520 ἃ
1285 1492 1393 1532 1780.

604 1588 681 1633 Fig:
700 1598 759 1623 22.
789 1588 834 1625 V.
862 1589 1105 1639 Vegetantem,
1131 1586 1224 1625 augia
1243 1588 1492 1636 magnitudine.

707 1649 765 1682 23.
786 1637 882 1672 valde
905 1637 1050 1678 aufihxm,

706 1698 764 1732 24.
785 1688 879 1721 aliam
898 1701 972 1722 cum
992 1688 1139 1727 ramulis,

819 1749 846 1770 a.
883 1736 1059 1777 dereliffis,

815 1784 847 1820 b.
883 1784 990 1820 rosula
1010 1787 1203 1821 terminatis.

713 1844 771 1879 25.
798 1832 933 1870 Rosulas
956 1847 1128 1883 vagantes,
1161 1835 1282 1872 fistunt.

1464 2080 1594 2128 Species
