1948 2679
701 232 963 268 PROTEUS.
1333 248 1374 275 11

351 337 481 383 Corpus
510 332 726 380 gelatinosum
762 334 963 383 pellucidum
994 335 1165 369 moleculis
1192 337 1428 381 nigricantibus

251 383 409 420 refertum
434 386 468 418 in
494 395 596 418 certas
619 382 742 418 formas
764 384 880 418 ordine
907 384 1124 419 determinato
1139 383 1203 419 sese
1222 386 1429 422 succedentes

249 433 421 468 mutabile:
464 435 613 468 Primum
640 432 728 468 recta
753 433 940 468 extenditur
972 435 1006 468 in
1033 432 1175 468 formam
1205 433 1318 482 spiculi
1346 439 1431 471 acuti

249 483 370 530 absque
392 484 566 517 interaneis
589 483 734 530 hyalini‚
766 481 827 517 bafi
854 495 934 517 vero
959 482 1094 529 globosa
1115 483 1285 517 molcculis
1308 482 1430 527 faram

249 544 330 579 apex
345 532 459 579 spiculi
480 531 594 567 sensim
620 533 795 566 retrahitur
807 534 951 566 medium
965 534 1113 580 corporis
1124 545 1226 579 usque
1242 533 1275 566 in
1286 530 1431 568 formam

249 580 436 626 globosam,
462 582 494 616 ὅ(
519 581 585 628 jam
610 582 777 615 moleculae
804 580 914 615 baseos
932 581 1055 629 spiculo
1082 581 1273 627 retrogrado
1298 582 1431 617 obviam

248 630 444 670 decurrunt,
482 630 615 678 ipsaque
638 630 717 665 bafis
750 630 894 665 medium
919 630 1031 665 versus
1052 631 1201 665 dilatatur
1224 633 1258 664 in
1288 629 1431 665 formam

247 680 432 714 ventricoso
450 701 462 706 -
483 679 700 714 orbicularem
717 704 725 719 ,
768 678 994 728 spiculumque
1025 681 1219 716 evanescens
1250 678 1335 714 infra
1359 694 1430 729 par-

247 739 312 762 tem
330 728 548 763 orbicularem
572 727 682 763 rursus
705 739 857 776 apparet,
884 737 920 762 oc
947 731 980 763 in
999 728 1135 764 acumen
1159 729 1196 776 h)
1208 729 1329 764 alinum
1356 743 1432 778 pro-

248 778 378 812 ducitur
396 804 403 816 ,
429 778 709 825 orbiculusquein
734 778 816 812 buliu
846 778 1014 823 globosam
1039 779 1202 813 dil-ibitur.
1256 784 1350 827 Apex
1371 778 1432 826 spi-

247 828 309 861 culi
327 826 435 861 rursus
455 829 488 861 in
513 827 686 873 globulum
715 828 892 861 retrahitur
909 828 968 861 &c.
1029 829 1171 874 Talique
1199 827 1300 861 modo
1326 827 1433 873 {ingu-

246 877 320 911 laris
337 877 403 911 haec
422 879 570 924 operatio
590 876 711 924 absque
728 878 971 925 interruptione
996 878 1086 912 horte
1113 878 1215 927 spatio
1241 876 1278 911 ad
1300 878 1434 926 plenam

247 927 379 971 guttulae
397 925 635 960 exhalationem
655 927 837 960 reiteratur.

349 1009 441 1039 Loco
457 1017 566 1038 tamen
579 1006 810 1039 animalculum
828 1005 913 1039 haud
932 1004 1068 1044 seceffit,
1095 1005 1133 1039 ad
1159 1006 1240 1040 latus
1262 1006 1361 1040 modo
1379 1007 1431 1041 ali-

245 1065 402 1100 quantum
418 1052 629 1091 fle&ebarur‚
654 1065 714 1086 nec
733 1053 837 1087 alium
857 1065 1005 1093 motum,
1041 1066 1100 1088 nec
1125 1055 1277 1088 ciliorum
1300 1056 1433 1101 vestigia

245 1101 426 1138 observavi.

344 1185 384 1217 In
394 1195 475 1230 aqua
492 1181 651 1222 fluviatili,
680 1181 737 1217 ubi
749 1182 781 1221 C,
799 1183 908 1219 nitida
925 1193 1063 1228 vegetat>
1080 1182 1202 1217 detexit
1213 1181 1314 1219 frater
1330 1198 1431 1226 meus,

246 1245 300 1267 me
323 1230 480 1280 prccsente
494 1256 502 1271 ,
538 1230 648 1266 mense
671 1233 858 1268 Novembr.
890 1243 992 1278 1779.
1028 1244 1088 1266 nec
1119 1233 1242 1280 pluries
1278 1234 1431 1271 vidimus.

246 1281 387 1318 O&obri
402 1289 494 1328 1781
518 1282 553 1315 in
570 1293 651 1329 aqua
673 1284 797 1317 marina
815 1283 912 1316 etiam
932 1281 1178 1325 occurrebat³)‚

345 1386 418 1432 Fig.
436 1393 589 1433 13—18.
617 1385 786 1422 Proteum
806 1393 960 1422 tenacem
977 1383 1067 1420 ευξὶᾱ
1082 1386 1310 1431 magnitudine
1327 1387 1431 1422 osten-

492 1434 575 1469 dunt
606 1435 746 1470 diverlzis
769 1433 893 1470 formas
923 1433 1134 1469 assumentem
1168 1448 1235 1470 uno
1258 1435 1430 1484 progressu

492 1484 679 1524 ordinario,
713 1485 791 1518 dum
817 1484 872 1530 fig.
901 1494 956 1527 18.
989 1483 1042 1519 dat
1077 1482 1219 1519 formam
1262 1487 1429 1526 ultimam,

493 1545 667 1580 antequam
685 1535 720 1568 in
736 1532 878 1569 formam
899 1534 955 1579 fig.
973 1546 1028 1580 13.
1055 1534 1251 1579 regreditur.

495 1594 521 1616 a.
545 1584 723 1629 Spiculum.
779 1583 808 1620 b‚
841 1585 875 1617 in
892 1582 1032 1617 formam
1051 1583 1220 1628 globoiam
1243 1582 1427 1620 retrafflum.

499 1642 526 1666 c.
550 1629 653 1670 basin,
680 1632 713 1666 &
777 1631 807 1668 d.
833 1630 1038 1672 orbiculum,
1074 1632 1247 1666 indicante.

755 1877 780 1909 B
807 1886 827 1912 2
1242 1859 1339 1924 111.

290 2024 317 2063 ³)
341 2023 392 2053 His
409 2023 526 2062 adjungi
542 2023 631 2062 potest
645 2023 762 2054 Proteus
777 2023 930 2053 Gtrxcfflffl
947 2022 1030 2064 insuf?
1053 2034 1080 2063 p.
1109 2025 1179 2061 168.
1208 2031 1227 2057 t.
1255 2022 1354 2065 zggj't',
1377 2028 1423 2061 ιε.

332 2072 364 2094 ut
380 2066 459 2095 tertia
472 2064 583 2104 species.
