1948 2679
607 235 967 272 VORTICELLA.
1273 246 1342 281 281

404 337 583 374 'Vorticella
607 339 828 377 canaliculata,
874 338 993 375 Verm-
1026 346 1093 377 ter.
1119 339 1163 378 Εἴ
1183 340 1274 387 fluv.
1308 354 1390 378 111·

480 379 486 396 ¹
514 386 607 422 Zool.
624 387 719 422 Dan.
732 388 852 434 prodr.
873 400 891 422 2
897 400 980 434 539.

309 488 415 523 Oculo
438 486 560 536 pun-sta
589 487 660 522 alba
685 490 900 523 coacervatim
923 490 1063 537 parietes
1090 490 1153 525 vali
1174 492 1270 528 vitrei
1297 505 1390 527 occu-

204 539 334 587 panti-³3
360 537 487 571 admota
503 537 664 575 lenticula,
689 538 793 571 antica
811 550 927 584 eorum
945 539 1148 586 parspostica
1174 540 1339 584 augustior
1355 554 1389 576 ac

208 587 309 620 altero
325 587 433 620 lateris
450 587 599 630 margine
614 586 814 632 aliquantum
830 585 928 620 incisa
949 587 1120 622 videbatur
1130 602 1138 630 3
1163 588 1388 636 Microscopio

206 637 309 669 antica
334 634 523 673 rotundata,
564 633 684 681 postica
715 645 861 668 truncata
883 634 1158 683 conspiciebatur,
1186 637 1254 671 haec
1277 638 1388 672 medio

204 683 483 729 subemarginata,
511 683 564 716 illa
581 695 706 728 organo
728 686 885 718 rotatorio
905 684 1058 720 instructa
1084 696 1161 723 erat.
1216 687 1290 733 Ope
1310 686 1389 721 disti

205 734 323 778 organi
339 734 387 766 uti
403 743 605 776 congeneres
624 733 787 766 vorticem
811 733 1006 767 continuum
1031 735 1066 768 in
1088 746 1169 781 aqua
1195 734 1387 772 excitabant.

203 784 319 817 Latera
338 780 485 819 dilatata,
512 779 716 824 marginibus
730 778 904 822 subacutis;
937 781 1008 815 cilia
1035 784 1151 826 organi
1174 785 1323 817 rotatorii
1347 782 1387 818 ab

205 831 295 877 apice
321 829 360 863 ad
387 828 577 862 incisionem
599 829 763 862 lateralem
788 827 983 863 descendere
1005 830 1210 866 videbantur.
1264 834 1385 866 Intera-

205 891 266 913 nea
284 881 319 912 iu
334 890 473 925 corpore
490 877 667 924 pellucenti
686 876 837 919 obscura3
861 878 982 912 horum
997 879 1062 913 duo
1080 879 1204 913 canales
1229 879 1385 914 distinffi:

203 927 286 961 alter
301 925 557 961 breviffimusab
575 924 729 959 incifione
753 926 874 960 laterali
897 926 936 960 ad
959 927 1104 961 medium
1129 929 1277 975 corporis
1303 928 1385 962 obli-

201 987 268 1021 que
282 974 414 1009 duffius:
443 974 523 1007 alter
540 974 579 1007 ab
600 971 753 1007 in‘cifione
770 974 882 1008 eadem
906 975 1221 1022 perpendiculariter
1245 976 1284 1010 ad
1306 978 1385 1010 inci·

203 1023 311 1059 suram
331 1024 365 1056 in
382 1022 490 1056 medio
507 1023 664 1067 marginis
684 1021 805 1069 postici.
859 1026 950 1057 Hinc
965 1022 1058 1058 facile
1074 1023 1234 1071 quispiam
1245 1025 1386 1069 conjice-

201 1084 274 1111 ret,
298 1072 387 1105 hunc
412 1071 554 1104 canalem
578 1068 640 1103 effe
661 1073 782 1104 vernus
806 1071 1063 1111 alimenmrium,
1090 1072 1280 1107 incifionem
1304 1076 1384 1108 anti-

202 1133 285 1159 cam,
302 1122 337 1154 in
353 1131 450 1166 quam
462 1130 623 1164 organum
643 1120 837 1153 rotatorium
858 1120 1033 1154 moleculas
1051 1122 1086 1155 in
1115 1133 1195 1167 aqua
1215 1133 1384 1157 contentas

199 1170 344 1207 volutat,
373 1167 434 1202 css‘c
456 1180 509 1206 os,
534 1179 568 1200 ac
590 1166 762 1201 incisuram
785 1167 939 1215 post1cam
963 1181 1078 1208 anum,
1105 1168 1126 1203 fi
1151 1170 1317 1205 ratiocinia
1342 1183 1383 1205 ex

202 1219 350 1262 analogia
375 1214 573 1254 sufficerent³
608 1228 668 1249 nce
698 1216 757 1249 alia
786 1217 932 1261 analogia
956 1218 1007 1251 his
1033 1217 1264 1255 adversaretur.
1322 1222 1382 1254 Re-

201 1266 312 1314 pendo
340 1265 514 1311 vermiculi
537 1265 571 1298 hi
595 1266 732 1298 anticam
750 1276 876 1312 partem
901 1266 1097 1312 plerumque
1120 1265 1233 1301 versus
1256 1267 1383 1303 ineffic-

202 1327 280 1350 nem
298 1315 445 1361 repetitis
457 1312 587 1347 vicibus
600 1312 817 1352 inclinabant,
845 1313 932 1361 quali
946 1327 1062 1361 aquam
1083 1316 1262 1350 haurirent.
1316 1319 1382 1350 Dc·

201 1362 330 1397 ficiente
352 1375 431 1409 aqua
451 1360 586 1395 incessus
606 1359 757 1401 cessabat,
785 1372 990 1398 motusvero
1015 1366 1189 1399 rotatori'us
1212 1365 1382 1407 continua-

200 1412 312 1450 batur,
340 1411 524 1457 usquedum
540 1412 648 1444 omnis
662 1410 837 1445 humiditas
855 1412 1062 1458 cvaporaffct.
1112 1415 1191 1448 Hoc
1215 1413 1286 1460 ipso
1310 1425 1382 1447 mo·
1410 1455 1416 1461 R

200 1472 314 1494 meuto
333 1459 427 1493 bullae
446 1459 516 1493 duce
533 1458 702 1506 pellucidae
716 1460 751 1494 in
777 1472 917 1509 corpore
936 1461 1153 1510 apparebant,
1181 1461 1249 1500 hoe
1272 1462 1381 1496 dilata·
1405 1463 1425 1489 5⁴
1448 1470 1460 1487 ⁷
1474 1462 1506 1485 θ’

197 1508 293 1544 batur
309 1509 438 1555 vitaque
452 1505 606 1542 exstinsta
624 1506 679 1543 est.
1043 1520 1047 1524 ’

297 1574 337 1606 In
354 1584 434 1618 aqua
451 1572 577 1619 reperi,
601 1570 658 1604 ubi
674 1582 735 1618 per
756 1572 879 1618 aliquot
904 1583 1034 1619 tempus
1057 1571 1244 1607 conservata
1272 1572 1380 1608 fuerat

198 1621 372 1669 Confer-ea
396 1620 578 1659 fluviatilis,
605 1632 676 1666 qua:
704 1632 777 1653 cum
803 1621 948 1655 colorem
973 1621 1115 1656 viridem
1141 1620 1286 1659 amisisset
1295 1646 1303 1662 ‚
1328 1623 1377 1656 in·

199 1672 290 1717 genti
309 1671 431 1705 horum
452 1669 722 1705 animalculorum
739 1681 877 1705 numero
895 1682 1048 1719 cooperta
1065 1681 1143 1707 erat.

387 1809 488 1853 313.
525 1769 898 1842 vonTlcELLA
931 1792 1205 1844 {mmmm

257 1893 560 1937 VORTICELLA
582 1894 764 1947 elongata
785 1893 1081 1949 spiculfformis,
1115 1911 1214 1940 mox
1235 1909 1372 1940 urceo-

197 1950 298 1993 laris.
366 1950 466 1991 Tab.
484 1948 683 1992 XXXIX.
705 1949 795 2004 Fig.
822 1960 1006 2003 14—-17.

737 2039 775 2071 N
789 2049 810 2072 n
1241 2038 1320 2073 Ani·
