1948 2679
488 273 577 304 xxu
844 257 976 302 P'RAE
990 255 1208 301 FATIO.

426 373 528 413 lianc
553 368 691 412 versari
721 369 924 420 videi-ern,
967 381 1061 409 cum
1089 368 1294 422 perillustri
1317 369 1506 413 BoNNET
1536 372 1603 414 diu

428 449 667 496 existimavi,
702 447 877 487 viventia
895 445 978 485 haec
998 458 1047 485 ex
1063 458 1153 486 aere
1171 459 1284 501 aquae
1300 449 1480 490 immixta
1506 449 1601 500 elle,

424 523 636 579 spretaque
655 525 766 562 omni
791 521 1054 562 vesicularum
1078 521 1121 562 &
1143 522 1474 565 animalculorum
1499 525 1604 565 iden-

378 629 383 635 .
428 602 550 650 titate,
584 612 732 652 corpus
752 600 988 652 organicum
1008 611 1028 637 a
1048 598 1165 638 bruto
1182 597 1224 638 &
1247 598 1335 638 rudi
1359 612 1473 640 mom
1495 584 1605 654 sponss

430 686 564 727 tanco,
599 688 797 733 quantum
826 674 877 716 sat
901 675 974 725 est,
1009 673 1206 727 distingvi.
1273 674 1486 730 Postquam
1510 689 1605 717 vero

431 752 728 793 observaverim
745 751 932 805 globulos
951 762 1017 803 cry
1027 751 1194 791 stallinos
1203 750 1444 805 Fungorztm
1462 751 1610 806 (termi-

430 842 529 869 num
549 830 702 884 quippe
722 829 988 881 vegetationis
1003 829 1042 868 in
1059 826 1160 868 hisce
1175 858 1186 878 ,
1220 829 1355 880 prouti
1381 829 1420 868 in
1443 827 1608 869 floribus

432 904 567 957 pollen
584 904 838 946 antherarum
856 904 1042 958 globulos
1061 902 1165 943 haud
1177 903 1371 944 absimiles
1384 907 1610 957 continens)

432 981 675 1020 animalculis
695 982 797 1020 circa
825 977 1050 1032 pelliculam
1079 979 1337 1023 veficularem
1367 979 1610 1022 versantibus

432 1055 650 1096 fimillimos
669 1055 759 1097 effe,
793 1055 834 1095 ἃ
854 1057 894 1094 in
920 1049 1118 1094 filamerita
1140 1054 1239 1107 saepe
1268 1055 1348 1107 ipso
1366 1054 1501 1108 fungo
1525 1057 1610 1098 lon.-

433 1133 544 1185 giora
563 1133 667 1172 varia
685 1133 988 1172 coacervatione
1007 1130 1125 1179 abire,
1161 1143 1425 1185 mucumque,
1460 1146 1508 1173 ex
1527 1148 1609 1189 quo

434 1207 548 1260 fungi
565 1198 777 1257 oriunturJ
800 1207 872 1248 elle
893 1207 1090 1248 filamenta
1115 1205 1297 1250 eiusdem
1319 1219 1466 1248 naturae
1489 1209 1529 1249 &
1557 1211 1609 1251 di-

436 1285 537 1325 versi
555 1285 771 1325 voluminis
788 1296 957 1337 corpora
985 1284 1112 1324 vicina
1141 1284 1247 1324 varie
1271 1282 1524 1337 obrepentia,
1559 1288 1611 1327 in*-

436 1374 516 1415 que
542 1360 716 1414 fungum
743 1360 977 1409 manentia,
1005 1358 1121 1415 quid,
1154 1358 1267 1415 quod
1290 1359 1407 1413 ipsius
1425 1361 1612 1404 Mucort's

437 1437 582 1490 species
609 1437 749 1477 talibus
783 1436 954 1489 globulis
986 1437 1202 1489 componi,
1241 1434 1290 1476 ad
1313 1435 1610 1480 observationes

438 1513 741 1566 microscopicas
759 1512 865 1553 redii.
933 1510 1025 1567 Jam
1047 1511 1188 1562 oculo,
1228 1513 1339 1552 omni
1358 1512 1526 1555 adhibita
1545 1529 1611 1555 cu-

438 1603 496 1640 ra,
530 1603 580 1629 ne
601 1589 851 1642 deciperetur
877 1591 1028 1639 (motus
1053 1589 1159 1629 enim
1193 1587 1326 1630 tardus
1350 1588 1392 1630 &
1420 1591 1613 1633 tremulus

439 1666 751 1718 molecukrum,
786 1667 825 1705 in
845 1665 1048 1716 superficie
1066 1664 1230 1717 guttula:
1245 1676 1553 1718 aggregatarum
1572 1668 1614 1710 &

440 1742 701 1796 mummium,
737 1740 834 1794 saepe
858 1753 907 1779 ex
933 1739 1054 1780 halitu
1075 1739 1317 1781 observantis
1335 1742 1529 1792 exoritur,
1564 1757 1614 1784 ex

441 1831 556 1860 motu
574 1819 707 1858 vicino
722 1828 990 1873 quocunque,
1025 1817 1144 1856 etiam
1171 1815 1341 1857 vehiculi
1366 1815 1464 1857 adeo
1483 1832 1612 1860 remo-

441 1897 486 1946 ti,
520 1908 563 1936 ut
580 1909 629 1934 ne
649 1894 806 1935 auribus
821 1891 985 1948 quidem
1016 1893 1273 1946 percipiatur,
1307 1906 1382 1933 nee
1404 1906 1511 1944 raro,
1559 1898 1614 1937 in-

442 1974 580 2026 primis
594 1971 621 2012 fi
633 1970 863 2013 adhibeatur
876 1968 1182 2023 microscopium
1200 1969 1478 2024 compositum,
1495 1974 1614 2012 oculo

1407 2046 1547 2099 globu-
