1948 2679
577 249 651 287 250
918 237 1315 277 HIMANTOPUS.

756 344 857 395 278.
895 340 1282 384 HIMANTOPUS
1316 353 1493 383 sANmo.

614 451 921 494 HlMANToPUs
951 452 1207 500 incurvatus,
1250 452 1377 492 antice
1404 453 1588 504 cirratas,
1623 452 1703 495 basi

522 519 737 551 truncatus.
806 506 903 546 Tab.
923 505 1116 546 XXXIV.
1151 506 1235 560 fig.
1263 517 1329 558 ¹9·

718 628 887 664 Trichoda
912 630 1032 661 Sannio
1053 652 1062 667 ‚
1106 627 1225 663 Verm.
1255 634 1321 664 ter.
1347 627 1390 664 ΕΤ
1405 628 1495 675 fluv.
1520 638 1580 676 98.
1610 629 1706 667 Zool.

816 677 911 714 Dan.
922 677 1044 725 prodr.
1069 679 1177 721 2526.

626 797 723 835 Him.
750 796 935 833 Ludionem
963 794 1043 828 adeo
1068 792 1188 835 refert,
1223 807 1258 828 ut
1282 796 1446 840 integrum
1476 796 1707 831 animalculum

525 858 653 898 partem
672 846 741 893 ejus
758 846 894 879 anticam
921 843 1108 883 crederem,
1143 843 1199 878 niss
1227 845 1298 878 cilia
1321 842 1466 878 frontem
1493 844 1524 878 ἃ
1548 847 1708 880 verticem

526 909 653 932 tantum
673 895 880 942 occupantia,
908 893 1044 926 minime
1064 892 1101 925 ad
1120 891 1202 926 dorsi
1222 892 1366 926 medium
1385 892 1628 932 descendentia,
1654 893 1709 928 de·

526 944 631 981 fe&us
651 946 829 986 cirrorum,
854 942 994 979 ventris,
1019 953 1053 974 ac
1073 941 1130 988 pili
1154 952 1218 974 tres
1235 941 1287 974 vel
1315 953 1453 987 quatuor
1473 940 1648 976 breviffimi
1675 944 1710 977 in

527 995 677 1038 margine
707 1003 854 1026 truncato
878 988 990 1023 versus
1017 989 1173 1034 angulum
1198 989 1357 1036 posticum
1382 1002 1621 1038 repugnarent3
1658 991 1709 1025 his

527 1041 639 1091 paffim
657 1043 762 1076 micat.
818 1040 899 1074 Cilia
919 1039 1030 1086 capitis
1048 1039 1122 1085 pilis
1152 1039 1300 1082 longiora
1324 1041 1503 1073 retrorsum
1528 1039 1558 1073 δι
1582 1051 1709 1074 antror-

528 1091 599 1126 sum
619 1090 807 1132 vibrantur5
832 1089 920 1123 Cirri
949 1101 966 1121 a
989 1088 1089 1122 latere
1120 1089 1231 1135 capitis
1260 1088 1413 1134 utrinque
1440 1088 1522 1129 duo,
1549 1088 1707 1127 mobiles,

528 1140 674 1190 penduli⁴

630 1219 754 1258 Motus
774 1218 823 1252 uti
840 1218 875 1251 in
891 1215 938 1253 H.
957 1214 1118 1253 Ludione.

632 1296 920 1345 Aqua-deficiente
947 1307 1105 1342 motuque
1131 1294 1179 1328 uti
1203 1295 1238 1328 in
1256 1296 1377 1328 caeteris
1399 1292 1553 1336 cessante,
1580 1295 1711 1342 quibus·

531 1349 605 1384 dam
629 1360 737 1382 tamen
765 1348 915 1381 ciliorum
945 1343 1055 1393 paffim
1086 1345 1200 1378 mortis
1225 1346 1259 1377 in
1288 1355 1392 1388 agone
1417 1346 1530 1385 micat3
1575 1346 1711 1379 Guttula

531 1396 702 1432 confestim
725 1395 837 1432 affusa,
868 1393 1030 1428 reviviscit
1056 1392 1206 1439 quidem,
1231 1404 1359 1439 opeque
1383 1394 1544 1426 cirrorum
1574 1395 1711 1427 circum-

532 1458 687 1492 vagatur,
716 1445 787 1478 cilia
803 1455 883 1477 vero
900 1442 1002 1487 rigida
1022 1441 1142 1486 absque
1161 1452 1251 1474 motu
1279 1453 1387 1487 paucls
1411 1443 1587 1475 momentis
1615 1441 1711 1489 perfi-

533 1495 646 1530 stentia
664 1505 824 1527 evanuere
840 1491 981 1537 denique
999 1489 1149 1538 prorsus,
1176 1501 1209 1522 ac
1235 1490 1462 1522 animaleulum
1484 1488 1613 1524 cursum
1635 1503 1712 1539 pro·

535 1542 745 1591 sequebatur,
774 1541 907 1574 demum
926 1541 1071 1586 quietum
1087 1540 1120 1572 in
1140 1538 1313 1572 moleculas
1330 1537 1561 1573 resolvebatur.

635 1626 674 1658 In
692 1634 788 1669 aqua,
817 1619 875 1655 ubi
891 1620 1038 1658 Lemma,
1066 1630 1150 1652 raro.

701 1742 774 1787 Fig.
792 1753 846 1787 19.
868 1739 966 1776 Him.
996 1738 1220 1776 Sannionern,
1249 1725 1338 1771 aust-³
1364 1736 1606 1782 magnitudine,
1630 1735 1712 1775 fistit.

930 1800 956 1822 a.
984 1787 1065 1820 Cilia
1082 1785 1230 1833 superna,
1283 1786 1313 1821 b.
1341 1787 1565 1835 Cirrkcapitis.

930 1848 956 1871 c.
984 1836 1181 1885 Pssipostoei.

1548 2040 1650 2085 279.
