1948 2679
677 235 987 269 TRICHODAj
1289 236 1362 280 τεᾷ

224 351 304 375 men
323 336 434 374 intrufi
448 335 588 374 adhaefit‚
618 348 792 385 motusque
811 348 901 384 aeque
918 334 1070 378 festivus3
1096 335 1307 372 cohaefionem
1328 337 1414 371 hanc

221 389 261 423 ad
292 387 528 435 separationem
559 399 660 432 usque
694 388 932 433 contemplatus
958 384 1045 424 sum,
1069 387 1104 419 in
1133 384 1278 433 separato
1302 398 1412 420 tamen

220 438 349 473 nullum
375 435 440 473 fili,
469 447 508 469 an
532 434 684 469 retraffl?
718 434 891 479 vestigium
913 434 990 467 vidi.
1045 437 1098 467 An
1114 445 1251 480 utraque
1277 433 1412 478 cohaefio

220 485 453 535 propagationi
476 496 536 531 per
565 485 775 531 partitionem
799 483 1072 527 longitudinalem
1096 483 1128 516 ὅ(
1163 484 1411 518 transversalem

221 535 393 573 debeatur,
423 545 461 567 an
478 533 575 567 altera
591 533 622 567 ὅ(
639 545 804 580 quaenam,
843 531 976 567 forfitan
1004 531 1167 581 potiffime
1191 533 1411 583 longitudina.

221 585 277 625 hs,
305 583 421 632 copula
441 581 493 624 fit;
521 581 580 617 sub
595 583 704 628 judice
732 582 771 616 lis
786 581 840 616 est.

318 666 368 748 1ῐῖὶ
375 663 467 710 aquis
488 674 563 697 curn
579 663 710 700 Lenma
730 662 841 698 hieme
861 670 957 709 1777
975 660 1006 696 &
1024 669 1130 708 1778.
1152 662 1278 711 pluries
1291 667 1411 715 reperi,

219 725 279 749 nec
297 726 340 763 po
372 725 416 749 ea.

368 828 442 874 Fig.
467 835 521 872 17.
563 824 678 863 Trich.
700 826 873 875 Ignitam,
902 823 1093 866 solitariam,

472 884 528 917 18.
556 877 590 910 in
609 875 786 910 cohaefione
808 875 999 913 collaterali,

473 937 518 972 ¹9
520 944 786 958 -----
837 923 1079 969 longitudinali‚
1105 923 1196 960 austa
1213 926 1410 972 magnitudi-

615 985 666 1011 ne,
680 972 800 1008 listune

616 1034 642 1056 a.
671 1026 776 1069 Apex.
830 1020 862 1057 b.
891 1019 1044 1055 foramen
1069 1022 1230 1068 pervium
1261 1058 1265 1059 ⁷
1301 1036 1327 1061 ct
1357 1038 1408 1060 ot-

665 1082 748 1115 gana
782 1070 911 1104 setacea.
976 1069 1007 1103 d.
1034 1071 1116 1104 cilia.
1170 1084 1234 1107 e.e.
1262 1073 1326 1108 loci
1354 1087 1408 1109 co·

664 1117 821 1154 haefionis.
879 1116 903 1153 f.
931 1117 1136 1153 filamentum
1161 1121 1334 1160 intrusum.

487 1325 587 1370 204.
623 1315 956 1361 TRICHODA‘?
996 1330 1173 1361 PRISMA.

281 1427 554 1469 TRmHonA'?
582 1438 712 1476 ovata,
745 1426 879 1468 subtus
895 1440 1094 1478 convexa,
1127 1428 1241 1482 supra
1260 1430 1298 1469 in
1315 1431 1407 1470 cari-

217 1495 312 1523 nam
330 1482 564 1536 compressa,
587 1485 714 1523 antiee
729 1484 945 1536 angustior.
1016 1486 1113 1527 Tab.
1135 1484 1287 1527 XXVI.
1321 1485 1407 1540 Fig.

222 1547 293 1579 20.
315 1547 385 1579 21.

322 1647 414 1679 Inter
431 1646 562 1679 minora
581 1645 791 1685 animalcula,
817 1647 874 1681 vix
891 1645 933 1680 ob
958 1645 1175 1694 crystallinam
1201 1658 1406 1694 transparen·

220 1696 297 1729 tiam
317 1694 535 1728 delineatione
552 1694 786 1729 exhibendum.
839 1695 974 1729 Duabus
1000 1695 1257 1742 prate-edentibus
1280 1697 1353 1730 satis
1371 1696 1406 1731 si-

220 1745 318 1784 mile,
339 1744 415 1777 hinc
431 1742 502 1791 post
521 1743 589 1777 illas
606 1743 822 1778 ordinandum
841 1742 998 1784 censetur,
1021 1745 1147 1778 nullum
1166 1758 1245 1778 vero
1258 1746 1404 1793 pilorum

218 1806 272 1828 aut
299 1793 449 1827 ciliorum
467 1792 648 1837 vestigium,
677 1806 717 1826 ne
735 1793 867 1840 quidem
895 1796 927 1827 'm
948 1805 1064 1830 morte.
1091 1793 1265 1828 observare
1293 1807 1403 1842 potui,

220 1844 416 1888 organisque
442 1842 560 1876 dehinc
589 1844 732 1876 externis
755 1842 942 1877 destitutum
968 1842 1012 1876 ob
1037 1842 1232 1889 singularem
1260 1842 1404 1879 formam

219 1904 343 1926 novum
359 1903 464 1937 genus
486 1889 618 1925 forfitan
639 1893 786 1938 requirit.

315 1958 445 2004 Corpus
460 1956 699 2003 crystallinum,
725 1956 845 2004 postice
862 1954 1044 2001 angustius,
1068 1955 1180 1991 subtus
1196 1957 1320 2005 cymbae
1335 1955 1402 1993 for-

218 2018 270 2041 ma
285 2018 489 2046 convexum,
518 2004 614 2054 supra
628 2006 762 2041 lamellis
779 2006 863 2040 binis
881 2005 1064 2040 lateralibus
1084 2007 1120 2041 in
1147 2008 1306 2053 angulum
1331 2019 1406 2042 acu·

572 2067 573 2070 ¹
759 2060 789 2090 A
809 2068 823 2089 a
841 2068 858 2091 2
1281 2067 1352 2091 tum
