1948 2679
642 248 1023 293 ,PRAEFATIQ
1282 268 1372 298 xvn

265 370 346 400 tem
378 371 451 409 eae,
497 371 597 413 quas
626 358 705 412 ipst
732 358 922 400 describit.
1002 359 1197 401 Incefl‘um
1226 361 1433 417 ,hospitum

266 434 553 490 aliquantulum
572 447 740 488 gravare
759 434 937 488 possunt,
970 438 1215 477 caeterum-iis
1229 451 1436 482 ornamen-

263 522 352 551 tum
369 510 564 563 singulare
581 511 782 564 praebent,
816 511 968 552 arbusta
983 513 1024 552 in
1052 512 1245 566 Testae-eis
1260 514 1298 555 8(
1320 515 1434 567 Dyti-

247 583 354 639 scis‚
389 587 661 640 capillamenta
679 588 719 629 in
737 584 974 631 Mono'culis
1004 586 1068 642 (fi
1094 588 1433 643 Entomostmcis)

261 661 446 704 referens.

386 817 441 859 Ut
460 818 542 861 haec
567 820 608 862 &
628 820 720 872 aiia,
763 831 958 875 quantum
980 821 1018 860 in
1044 831 1111 859 me
1125 819 1189 869 fit,
1223 820 1436 868 evitarem,

262 897 571 951 vermiumque,
614 910 792 952 quorum
814 909 953 938 natura
982 896 1023 937 8(
1050 895 1204 936 indoles
1235 894 1437 935 mirabilis-

259 968 378 1020 fima,
410 972 668 1027 influxusque
691 976 730 1013 in
749 974 986 1013 oeconomia
1003 971 1160 1011 animali
1179 971 1219 1010 8(
1237 970 1435 1023 vegetabi-

243 1045 285 1086 ·li
303 1057 415 1099 aeque
434 1059 606 1100 magnus
622 1048 664 1088 &
691 1050 853 1100 ignotus
876 1047 951 1094 est,
985 1046 1184 1084 historiam
1209 1048 1341 1085 minus
1364 1045 1433 1086 oba

258 1122 410 1164 scuram
428 1155 438 1174 ‚
485 1125 700 1178 minusque
724 1135 871 1175 vagam
897 1119 1115 1169 traderem,
1158 1133 1324 1160 omnem
1352 1119 1430 1160 dili·
1492 1123 1494 1125 '

254 1201 430 1253 gentiam
460 1201 501 1241 in
543 1199 730 1242 indefessa
762 1199 1063 1248 observatione,
1111 1196 1430 1251 exaffiffimaque

259 1275 587 1318 determinatione
608 1290 749 1318 eorum
761 1307 771 1325 ,
806 1286 1008 1331 quotquot
1025 1286 1175 1327 nempe
1191 1274 1229 1313 in
1241 1274 1352 1328 aquis
1369 1284 1431 1312 va-

258 1353 303 1393 rii
326 1355 482 1406 generis
509 1353 605 1394 mihi
628 1366 860 1404 occurrere,
914 1363 1176 1406 quorumque
1208 1347 1430 1389 distinEtam

258 1430 533 1482 cognitionem
555 1432 780 1485 acquirere,
815 1429 1027 1483 verbisque
1049 1429 1278 1480 exprimere
1302 1424 1429 1474 licuit,

257 1505 437 1556 adhibui,
479 1519 703 1563 eorumque
725 1506 1032 1560 descriptionem
1057 1503 1098 1544 &
1123 1504 1212 1544 vitae
1235 1502 1430 1542 rationem

257 1593 368 1621 antea
383 1584 423 1623 in
440 1582 635 1624 consortio
647 1585 848 1624 vermium
867 1581 1007 1623 diversi
1025 1579 1171 1621 ordinis
1182 1577 1358 1618 traditam
1371 1576 1429 1628 p),

258 1655 340 1709 jam
358 1659 491 1697 iterata
509 1660 597 1697 vice
614 1658 922 1716 locupletiorem
937 1668 1034 1696 vero
1050 1655 1091 1696 8(
1110 1646 1299 1704 seorfims
1313 1664 1357 1693 ut
1372 1640 1428 1693 fa}

257 1744 358 1784 erat,
393 1733 625 1788 micrologis
648 1734 746 1775 fisto.

1221 1837 1355 1879 Minu·
1420 1841 1424 1844 ’

283 1942 319 1981 p)
342 1940 377 1968 In
399 1946 496 1978 opere,
516 1936 595 1976 quod
621 1944 701 1977 1773
720 1935 752 1966 ὅ(
777 1945 868 1977 ¹774-
895 1934 946 1965 sub
972 1935 1072 1967 titulot
1100 1934 1239 1965 Vermium
1259 1931 1428 1971 terrestrium

346 1991 379 2023 δῖ’
389 1990 571 2031 fluviatilium
582 1989 718 2029 fitccinc'in
734 1989 871 2028 Historia,
896 1986 977 2017 edidi.

871 2044 897 2086 d
