1948 2679
725 205 924 239 vmmo.
1330 214 1378 250 53

443 309 512 341 Tre
526 304 666 354 -punE‘t-
685 306 865 344 Straekker,
901 304 977 352 Nye
1000 302 1107 341 Saml.
1128 305 1175 353 af
1191 307 1318 354 Dmgfh.
1351 309 1431 346 Vid.

544 356 652 402 Saelstr.
674 355 749 394 Skr.
769 358 826 391 ΙΙΙ.
849 357 890 388 D.
908 366 940 401 p.
963 365 1020 399 29.

442 404 592 450 Naturt.
612 417 669 442 20.
684 417 716 452 p⁴
739 417 796 451 45.
817 415 839 440 t.
856 415 913 439 20.
930 399 953 438 f.
968 413 1027 448 45.

346 511 475 557 Corpus
496 509 716 557 pellucidum,
755 508 943 555 hyalinum‚
982 518 1121 554 utraque
1142 509 1348 542 extremitate
1376 509 1429 543 ali-

243 571 402 605 quantum
422 570 641 598 attenuatum,
669 557 812 604 globulis
830 556 953 594 tribus,
982 556 1092 590 medio
1115 557 1250 602 majori,
1280 559 1432 592 termina-

241 608 327 641 libus
345 609 497 647 minutis,
525 607 695 656 pellucidis
715 605 918 642 instrussum.
972 608 1079 653 Spatia
1104 606 1192 639 inter
1217 605 1369 651 globulos
1384 609 1432 641 vi-

241 657 304 691 ridi
323 658 454 692 materia
474 658 508 690 in
531 656 724 703 quibusdam
751 656 886 703 impleta
911 654 1001 693 sunt,
1038 656 1074 689 in
1097 655 1166 689 aliis
1191 655 1246 689 ista
1271 655 1432 690 evanescit

241 718 276 739 ac
293 719 331 740 ex
351 718 442 754 parte
459 706 613 740 hneolam
630 705 771 739 mediam
791 715 904 750 auget,
942 705 989 738 uti
1010 703 1210 751 pulvisculus
1238 704 1429 749 granulosus

240 756 274 788 in
294 754 459 789 conservis
475 753 729 802 microscopicis.
782 757 867 788 Raro
884 754 966 788 latus
986 751 1189 787 observatori
1211 753 1371 793 obvertit,
1400 765 1430 788 at

240 814 310 838 tum
327 806 468 839 maxima
485 803 736 853 amplificatione
751 804 958 851 prismaticus
984 812 1128 850 apparet.

342 870 464 905 Motus
496 868 683 903 reffllineus
712 868 899 903 antrorsum
933 867 966 901 ὅ(
996 864 1192 901 retrorsum.
1235 869 1291 902 vix
1318 879 1429 903 tamen

242 919 355 964 quavis
374 920 445 952 vice
459 918 543 951 ultra
566 923 714 965 corporis
735 916 999 962 longitudinem,
1026 916 1299 961 retrogrediendo
1322 917 1427 953 brevi-

240 979 278 1000 us
297 966 433 1014 spatium
451 978 611 1014 peragrat.

340 1031 538 1063 Varietatem
576 1031 736 1062 rariorem
767 1029 799 1062 ἃ
830 1030 995 1062 minorem
1022 1028 1090 1061 vidi
1119 1027 1203 1061 striis
1239 1031 1426 1066 transversis

238 1089 380 1124 quatuor
404 1079 438 1112 in
464 1079 609 1125 quinque
632 1077 782 1122 genicula
805 1075 957 1116 divisam,
990 1077 1111 1110 horum
1133 1077 1326 1113 intermedia
1351 1093 1426 1126 qua-

238 1127 345 1167 drata,
370 1128 490 1162 extima
507 1127 610 1161 ovalia
629 1137 730 1161 erant.
781 1128 897 1160 Motus
912 1125 1010 1162 idem.

342 1195 381 1227 In
407 1195 434 1226 F
436 1190 499 1226 offa
523 1189 796 1241 Rostnburgenfi
814 1203 888 1225 cum
914 1191 1047 1227 Lemno
1061 1191 1208 1233 minore,
1236 1193 1425 1228 Novembri

239 1242 271 1276 ἃ
287 1242 465 1276 Decembri
494 1252 599 1288 1777.

338 1307 444 1340 Etiam
466 1314 572 1352 1782.
590 1308 625 1340 in
642 1318 723 1353 aqua
740 1306 872 1342 Lemno
891 1315 1062 1353 cooperta,
1090 1317 1126 1340 ac
1147 1306 1231 1340 ultra
1260 1305 1315 1341 sex
1345 1308 1424 1343 heb-

237 1355 392 1389 domades
411 1355 551 1394 servata,
577 1357 673 1390 initio
693 1354 830 1400 Augusti
849 1357 970 1402 quaevis
987 1355 1115 1400 guttula
1131 1357 1275 1390 centenis
1290 1358 1424 1404 impleta

238 1416 322 1443 erat,
349 1405 384 1438 hi
404 1417 531 1439 motum
546 1404 687 1439 eundem
705 1403 862 1449 agebant,
889 1415 919 1438 at
933 1403 1114 1451 bipunff’cati
1129 1415 1265 1445 tantum,
1291 1408 1343 1440 vel
1361 1420 1424 1454 po-

238 1456 300 1487 tius
329 1453 415 1488 binis
445 1453 644 1501 corpusculis
668 1453 835 1493 ovalibus,
867 1452 1021 1487 rariffime
1047 1452 1232 1501 sphaericis,
1259 1455 1420 1495 instruffl,

237 1513 372 1549 utraque
398 1505 603 1537 extremitate
627 1504 822 1543 acuminati,
860 1516 919 1537 nec
943 1501 1008 1536 sese
1032 1515 1176 1549 unquam
1203 1503 1240 1537 ad
1264 1505 1422 1549 angulum

237 1562 365 1584 acutum
389 1555 626 1599 proripientes,
659 1552 753 1590 hinc,
787 1552 807 1585 fi
835 1553 944 1585 minus
971 1563 1057 1585 nova
1087 1550 1227 1598 species,
1264 1551 1374 1587 saltem
1405 1566 1422 1588 a

238 1598 341 1635 Vibr.
370 1600 578 1648 Bipmmato
609 1600 734 1634 divers-„1
758 1600 811 1635 est.
865 1603 943 1633 Huc
969 1597 1129 1633 referrem
1156 1599 1210 1645 fig.
1228 1611 1285 1647 44.
1306 1601 1419 1640 clariss',

236 1651 429 1683 Hssmmxm
451 1649 598 1696 Naturj.
621 1661 676 1685 20.
695 1661 728 1696 p.
754 1651 833 1684 161.
862 1647 919 1682 nifi
937 1659 1102 1682 truncatus
1122 1649 1294 1686 diceretur.

400 1770 473 1815 Fig.
492 1781 522 1803 2.
546 1767 647 1804 Vl'br.
674 1767 955 1817 Dipunc'ffatmn,
984 1767 1074 1803 auita
1090 1768 1335 1815 magnitudine,
1361 1783 1417 1806 ex-

533 1817 633 1853 hibet,

533 1879 558 1902 a.
584 1866 744 1913 hyalinOS.

533 1914 563 1951 b.
594 1915 689 1950 viridi
708 1916 842 1950 materia
863 1911 1013 1953 fat-stum.

827 2020 895 2064 G3
1335 2032 1365 2060 e.
