1948 2679
533 250 609 292 350
892 238 1278 279 BRACHIONUS.

588 345 696 394 Spinae
711 355 803 380 motu
819 345 925 380 caudae
942 342 1029 381 resta
1045 345 1100 381 vel
1123 345 1162 380 ad
1186 346 1344 392 angulum
1373 358 1505 383 acutum
1530 345 1562 384 ἃ
1580 347 1673 385 obtu-

485 394 556 432 sum
574 395 803 433 extenduntur,

584 459 711 498 Brach.
732 461 911 497 Dentatus
927 459 1059 506 quidem
1083 468 1284 497 mucronato
1301 458 1520 508 frequentior,
1547 472 1674 497 utrum·

485 522 550 558 que
570 521 679 545 tamen
698 511 732 545 in
754 510 881 555 guttula
904 509 1126 557 comparando
1155 512 1356 546 examinatus
1373 510 1443 545 sum
1460 536 1468 551 ‚
1492 509 1671 546 diversum-

486 573 550 609 que
567 573 680 605 arguO.

586 628 624 659 In
645 637 725 675 aque
743 622 884 670 palustri.

588 689 700 722 Alium
722 685 960 735 zlfleyenbcrgae
978 686 1103 733 reperi,
1132 686 1166 720 in
1190 698 1273 733 quo,
1298 685 1424 732 organo
1450 682 1607 723 rotzitorio
1626 701 1677 724 re-

487 736 608 777 παᾶο,
637 739 727 784 apice
749 738 861 770 dentes
880 748 945 770 tres
963 737 996 769 in
1014 736 1216 780 triangulum
1236 734 1377 782 dispositi
1407 738 1439 770 in
1463 737 1677 785 conspeetum

485 799 668 828 venerunt;
700 789 825 820 Dentes
851 785 918 828 bini
936 786 1042 823 antici,
1072 786 1186 818 tertius
1209 783 1351 832 posticus
1381 785 1559 823 obsoletus,
1587 799 1678 832 aeque

486 834 696 884 conspicuus,
723 833 812 870 forte
831 847 871 870 ex
893 832 1014 883 postica
1038 833 1244 869 valvularum
1274 833 1452 869 cohaefione
1478 838 1594 870 unicus
1622 848 1675 884 ap-

486 897 606 934 paruit.

591 949 705 996 Hujus
720 948 853 983 exuvias
874 947 967 981 omni
994 948 1166 981 interaneo
1194 947 1374 986 destitutas,
1399 948 1476 982 testa
1501 961 1581 983 vero
1603 961 1679 984 cum

486 998 639 1033 dentibus
658 1011 692 1031 ac
711 1009 866 1042 congerie
896 997 1047 1030 ciliorum
1073 995 1262 1044 superstite,
1289 996 1383 1031 fimul
1408 1000 1528 1045 reperi.
1580 1001 1678 1045 Juxta

486 1049 671 1094 marginem
685 1047 849 1081 lateralem
867 1048 1019 1084 anticum,
1047 1047 1137 1079 intra·
1151 1045 1260 1080 testam
1279 1045 1486 1081 delitescebat
1504 1048 1678 1081 animalcu-

487 1097 556 1131 lum
578 1096 819 1145 cylindraceum
841 1096 1050 1140 elongatum,
1078 1106 1215 1142 utraque
1231 1097 1435 1129 extremitate
1453 1097 1581 1142 aequali3
1610 1108 1677 1130 me-

486 1146 543 1180 dio
562 1146 646 1193 quasi
666 1146 752 1180 binis
770 1145 912 1178 articuiis
931 1142 984 1178 seu
1010 1142 1188 1189 segmentis
1215 1144 1440 1189 globularibus
1465 1143 1678 1187 insti-t18um;

486 1195 551 1231 hoc
566 1196 689 1243 pluries
706 1194 745 1229 ab
764 1206 828 1240 uvna
845 1194 1037 1227 exuviarum
1055 1194 1259 1226 extremitate
1278 1193 1316 1226 ad
1339 1193 1470 1227 alteram
1498 1194 1678 1239 procedere

486 1245 520 1280 ἃ
537 1245 690 1279 recedere
715 1243 836 1290 absque
863 1241 1010 1277 verfione
1033 1241 1109 1276 vidi.
1169 1243 1424 1277 Decorticantur
1447 1241 1565 1277 dehinc
1586 1243 1677 1280 Bra-

487 1294 605 1333 ebioni
613 1318 623 1335 ,
647 1294 696 1328 uti
714 1294 841 1330 Larvae
868 1291 1080 1329 infestorum.

637 1378 712 1422 Fig.
741 1384 773 1418 8.
800 1373 927 1412 Bracb.
948 1375 1214 1412 Mucronatum,
1240 1374 1321 1407 ciliis
1340 1373 1496 1413 conditis,
1525 1386 1541 1407 a
1559 1373 1675 1416 dors03

738 1437 772 1472 9.
800 1425 881 1459 ciliis
898 1422 1049 1462 exsertis,
1075 1436 1091 1456 a
1114 1424 1214 1457 latere
1230 1424 1449 1463 innatantem,
1476 1422 1566 1458 aunsta
1589 1437 1678 1470 mag-

883 1472 1051 1512 nitudine,
1075 1471 1194 1509 sistunt,

887 1534 914 1556 a.
941 1524 1122 1555 Mucrones
1141 1521 1249 1555 antici.
1301 1519 1334 1554 b.
1359 1519 1484 1567 postici.

887 1583 914 1608 c.
943 1571 1050 1618 Spinae
1068 1569 1225 1604 candales.
1278 1569 1299 1603 d
1337 1568 1507 1604 Musculus
1531 1567 1680 1614 (168410ῐο-

936 1620 1015 1656 rius.
1073 1631 1101 1654 e.
1125 1617 1227 1654 Massa
1252 1620 1498 1654 interaneorum
1527 1618 1681 1666 oblonga.

937 1666 962 1705 f.
990 1668 1072 1704 Cilia
1088 1670 1250 1704 micantia.
1302 1681 1336 1716 g.
1357 1667 1556 1703 Intestinula.

679 1811 779 1858 372.
813 1799 1179 1845 BRACHIONUS
1212 1811 1493 1844 UNCINATUS.

559 1900 847 1943 BRAcmoNus
867 1896 1056 1947 bivalvis,
1092 1897 1188 1938 testa
1210 1894 1338 1948 ovali,
1371 1895 1484 1947 apice
1505 1895 1680 1947 integra,

496 1956 574 1998 bafi
594 1968 850 2006 mucronata,
882 1952 1010 1996 cauda
1033 1953 1176 2007 rugosa
1201 1952 1331 1995 biseta.
1396 1950 1492 1991 Tab.
1519 1949 1559 1990 L.
1590 1950 1681 2005 Fig.

497 2026 582 2065 ‹s—
600 2023 618 2056 Ι
633 2022 667 2055 Ι.
1554 2060 1631 2093 Bra-
