1948 2679
478 282 537 312 ια
829 257 966 303 PR'AE
977 256 1201 302 FAT104

420 374 695 421 observatione
721 368 978 425 providetur,
1022 366 1115 409 huic
1139 364 1317 408 consului
1340 365 1597 420 declarando*‚

419 454 555 496 omnia
573 463 650 504 ope
667 447 862 490 lenticulae
883 456 902 499 3
925 443 1183 497 microscopii
1206 443 1392 497 simplicis
1415 445 1597 499 inqnifita

419 531 461 573 &
485 527 672 580 descripta
687 556 697 574 ‚
731 524 970 578 quotiesque
996 519 1137 573 majori
1164 519 1471 572 amplificatione
1495 533 1599 573 opus

421 604 531 655 esset,
550 605 604 643 vin
617 600 695 655 ipsa
714 598 974 652 descriptione
989 595 1236 650 expressum,
1268 598 1514 650 nominaque
1533 609 1598 649 ge-

419 683 552 725 neriea
577 678 619 719 &
647 676 808 718 trivialia
833 672 1166 715 animalculorum
1184 703 1195 723 ‚
1239 684 1420 728 quorum
1448 685 1598 725 organa

420 769 587 800 externa
605 753 675 795 sub
685 751 869 793 lenticula
886 761 900 793 1
917 752 1033 791 unice
1046 759 1186 803 patent
1198 746 1328 802 (quod
1339 748 1595 799 rarissimum)

417 821 569 888 generi*
592 829 800 871 nudorum
832 840 1000 883 quoque
1033 824 1221 877 adscripta
1251 823 1337 865 effe.
1407 825 1597 878 Juniora,

420 920 598 965 quorum
619 918 746 959 partes
761 916 845 945 non
870 915 984 957 aeque
1010 900 1331 954 distingvuntur,
1369 914 1420 941 ne
1443 913 1518 952 pro
1543 900 1599 940 di-

420 984 529 1027 versa
553 982 679 1035 specie
700 990 1010 1026 enumerentur,
1042 976 1091 1016 ad
1114 988 1298 1026 motum,
1330 975 1468 1016 locum
1495 988 1600 1017 nata·

419 1062 501 1103 lem
533 1058 575 1099 &
603 1055 898 1097 consortionem
930 1050 1241 1100 attendendum,
1272 1051 1434 1105 ipssque
1456 1054 1601 1105 repeti·

421 1139 467 1179 tis
486 1133 642 1177 vicibus
657 1130 814 1173 dierum
830 1126 1036 1170 intervallo
1052 1125 1289 1179 indaganda.

546 1288 655 1330 Cum
671 1282 906 1328 animalcula
931 1282 1101 1336 plurima
1131 1278 1328 1334 pellucida
1353 1280 1446 1332 sint,
1479 1281 1605 1323 strue⁴

420 1378 507 1409 tura
523 1376 665 1405 eorum
678 1365 829 1403 interna
840 1360 880 1401 δι
894 1372 1054 1400 externa
1065 1371 1179 1412 aeque
1195 1357 1405 1411 conspicua
1416 1357 1470 1408 fit,
1503 1359 1598 1399 inte-

420 1455 535 1497 gram
555 1453 708 1491 tamen,
742 1439 887 1492 partim
905 1435 954 1476 ab
966 1437 1130 1482 nimiam
1148 1436 1320 1487 partium
1337 1433 1597 1486 subtilitatem,

423 1519 590 1562 oculum
625 1515 779 1568 optime
815 1511 1051 1553 instrufilum
1072 1538 1074 1541 -
1094 1509 1369 1561 eludentium,
1422 1511 1614 1563 partim,>

423 1593 534 1650 quod
551 1604 641 1633 raro
659 1589 899 1631 omne-latus
914 1587 1156 1629 observatori
1174 1585 1393 1636 advertant,
1428 1588 1599 1642 quoties·

422 1684 503 1725 que
519 1669 671 1717 evenit,
708 1676 810 1705 tanta
832 1663 1029 1703 celeritate
1045 1665 1084 1702 in
1104 1663 1220 1702 situm
1241 1663 1449 1715 pristinum
1468 1676 1615 1705 rever-³

422 1758 579 1795 tumtur,
614 1739 866 1793 utjudieium
897 1737 1001 1778 ferre
1028 1740 1161 1778 minus
1186 1738 1314 1786 liceat,
1351 1737 1489 1778 videre
1512 1752 1595 1780 non

422 1823 576 1875 semper
594 1817 846 1872 permittitur.
913 1813 977 1854 Sic
993 1814 1175 1866 Kolp'oda
1192 1813 1387 1860 Cucullus,
1395 1813 1596 1870 plerisque

424 1899 688 1940 minimorum
716 1889 1065 1945 percontatoribus
1095 1902 1187 1930 nota
1220 1890 1261 1930 &
1290 1889 1619 1931 membranacea>

423 1972 524 2025 visa,
557 1971 653 2013 mihi
671 1982 826 2020 tamen,
860 1966 900 2009 &
928 1965 1094 2022 quidem
1121 1967 1208 2019 post
1231 1966 1447 2020 plurimam
1472 1966 1513 2008 <⁹31
1536 1966 1597 2008 sae-

1415 2056 1536 2095 penu-
