1948 2679
525 212 558 254 'n
880 198 1252 246 PRAEFATIO.

459 332 597 363 rarum
622 312 895 370 hemisphaeria
925 311 1072 365 iunxit,
1106 312 1277 356 alterum
1300 312 1414 367 lenti,
1453 329 1544 372 quae
1566 329 1648 360 nia-

459 398 570 440 culas
587 395 727 438 solares
742 391 1048 448 moleculasque
1062 390 1279 444 infusorias,
1312 395 1571 436 remotiffima
1589 409 1646 437 re-

456 488 571 526 rum,
605 471 674 515 sub
691 470 861 513 eandem
882 471 1098 523 imaginem
1115 469 1224 520 fistit,
1258 469 1438 513 debetur.
1505 473 1549 513 In
1567 472 1645 514 hoc

456 550 665 593 intervallo
686 548 783 605 quid
812 546 893 601 jam
919 545 1146 600 magnum?
1178 546 1275 603 quid
1303 548 1509 604 parvum?
1541 549 1644 602 Ens,

459 628 572 685 quod
588 628 667 669 hoc
683 624 888 681 cogitat&
908 623 1085 666 humana
1104 627 1264 679 patitur.

580 781 671 825 Post
703 783 911 822 inventam
932 779 1183 832 lenticulam,
1221 794 1351 835 parvo
1379 785 1507 837 pretio
1529 785 1644 826 mini-

455 874 604 917 maque
639 872 764 913 opera
800 859 949 914 cuique
983 857 1224 912 parabilem,
1270 873 1378 900 nova
1409 861 1645 903 animalium

452 937 670 991 progenies
699 935 888 974 surrexit:
947 932 1229 987 micrcfiopica
1261 936 1477 986 dicuntur,
1528 936 1644 992 quod

450 1014 569 1056 unice
583 1009 780 1053 lenticulae
794 1008 1072 1063 amplificantis
1086 1021 1166 1062 ope
1181 1009 1390 1051 videntur:
1423 1010 1644 1065 Infzgforia,

450 1089 565 1147 quod
584 1091 624 1131 in
642 1101 763 1144 aqua,
799 1087 999 1141 particulis
1014 1085 1232 1128 substantiae
1253 1088 1432 1129 animalis
1452 1088 1491 1130 &
1519 1103 1641 1145 vege-

449 1167 574 1210 tabilis
591 1169 871 1220 impraegnata,
906 1166 1185 1218 reperiuntur3
1219 1166 1353 1206 minus
1373 1177 1507 1208 tamen
1526 1165 1640 1223 syno-

447 1259 572 1300 nyma
591 1245 689 1294 sunt,
713 1241 1008 1296 infusoriorum
1028 1243 1136 1283 enim
1155 1243 1195 1283 in
1220 1240 1328 1283 sensu
1352 1242 1431 1284 lato
1459 1243 1502 1285 &
1527 1243 1636 1287 haud

444 1321 584 1364 exafile
602 1320 866 1361 determinato
883 1332 968 1361 non
986 1333 1112 1374 pauca
1125 1319 1235 1362 nudo
1255 1320 1374 1362 oculo
1389 1321 1637 1375 conspiciun-

445 1412 531 1452 tur,
562 1395 844 1452 micrqfcopica
859 1385 943 1438 non
960 1397 1083 1439 multa
1104 1410 1212 1440 extra
1231 1396 1449 1441 infufiones
1464 1399 1633 1455 degunt.

443 1477 500 1519 Ut
533 1488 688 1517 nornen
721 1473 871 1517 ordinis
900 1475 1118 1526 haberem,
1165 1477 1402 1519 animalcula
1432 1481 1632 1535 aquatica,

443 1567 534 1610 quae
555 1551 719 1607 reliquis
736 1551 849 1593 sextae
864 1553 988 1595 claffis
1009 1552 1218 1595 ordinibus
1243 1554 1474 1598 substituere
1496 1559 1632 1608 minus

439 1631 569 1679 licuit,
604 1628 847 1681 pauciffimis
865 1640 1143 1681 congenerurn
1162 1644 1210 1671 ex
1232 1631 1355 1673 infuss
1376 1635 1537 1675 materia
1558 1637 1631 1677 ori-

439 1709 578 1763 ginem
605 1704 852 1747 trahentibus
870 1703 1006 1759 junxi,
1038 1705 1299 1763 generalique
1323 1709 1491 1750 nomine
1518 1708 1629 1765 Infic-

421 1783 547 1841 soria
564 1782 644 1825 dixi
663 1781 717 1838 a).

1456 1853 1562 1896 Haec

459 1948 492 1988 a)
514 1947 712 1988 Microfl-opr'ca
733 1946 834 1977 reflius
847 1946 900 1977 diei
931 1955 1079 1986 perperam
1109 1946 1199 1976 censet
1223 1947 1325 1982 clm-iffi
1345 1949 1451 1978 Tri-xus
1477 1951 1621 1982 PVittemb.

528 2000 685 2031 Wochnbl.
708 2006 802 2041 1782.
820 2010 848 2040 p.
866 1996 947 2041 338,
971 1999 1241 2039 mici-oscopicorum
1266 2001 1341 2031 enim
1368 2002 1517 2041 quaednm‚
1540 2003 1620 2042 quod

1546 2065 1575 2085 in
