1948 2679
623 243 1000 282 BRACHIONUS.
1286 257 1361 294 347

622 358 654 393 g.
682 348 801 382 Cauda.
853 348 887 382 h.
915 346 1160 396 Appendiculae.

623 397 646 430 i.
671 397 750 441 Styli
766 397 921 433 candales.
973 397 1005 431 k.
1032 398 1114 431 Cilia
1129 399 1408 449 omniaporreeh.

623 443 645 478 l.
672 443 773 478 Massa
790 446 910 484 uvalis,
935 458 976 480 an
1000 448 1173 482 ovarium?

472 613 572 669 369.
607 614 972 658 BRACHIONUS
1006 628 1174 657 TRIPos.

289 726 575 767 BRAcmoNus
603 723 794 773 bivalvis,
827 724 920 764 testa
949 724 1150 775 ventrosa,
1184 727 1295 779 apice
1323 739 1412 768 mu-

230 793 323 876 3332,
341 780 436 889 4b35fi
455 781 635 864 gummi,
677 778 802 820 cauda
821 778 928 832 spina
943 778 1105 833 duplici.
1146 782 1240 822 Tab.
1259 781 1411 823 XLIX.

275 865 318 889 ὗ.
373 867 380 875 .
434 866 468 879 ..

427 942 628 977 Brachionus
644 943 787 989 Tripos,
819 942 938 978 Verm.
955 948 1020 979 ter.
1038 940 1080 979 ΕΤ
1089 941 1179 990 fluv.
1205 954 1287 990 144.
1315 943 1412 983 Zool.

527 992 621 1028 Dan.
635 992 755 1039 prodr.
779 1000 888 1038 2573.

331 1094 450 1128 Minor
465 1092 510 1128 est
532 1091 659 1130 Brach.
687 1092 876 1129 Urceolari.

336 1160 465 1206 Corpus
480 1155 762 1206 pellucidiffimum
778 1155 847 1192 fere
867 1157 1083 1204 triquetrum,
1109 1159 1160 1193 vel
1184 1161 1322 1195 valvulis
1339 1160 1414 1196 dua-

231 1207 293 1243 bus
311 1208 499 1241 conch-acels
521 1206 615 1241 dorso
632 1207 831 1244 animalculi,
858 1218 894 1240 ut
920 1207 1066 1246 videtur,
1095 1208 1260 1244 hiantibus
1280 1222 1414 1258 compo-

232 1255 336 1292 situm.
390 1255 505 1290 Medio
521 1255 637 1290 orificii
655 1253 709 1288 seu
731 1257 829 1303 apicis
847 1259 1040 1303 prominent
1055 1256 1162 1302 ligulae
1177 1258 1247 1292 duze
1262 1259 1343 1293 ciliis
1363 1272 1414 1293 ro-

233 1306 357 1339 tatoriis
373 1305 539 1351 majoress
581 1302 715 1338 Inferne
738 1317 913 1339 mucrones
935 1317 1091 1352 quatuor,
1115 1307 1168 1340 vel
1197 1307 1307 1341 saltem
1331 1318 1415 1347 tres,

232 1353 350 1399 rigidi3
379 1354 501 1387 horum
517 1355 550 1387 in
566 1353 676 1387 medio
695 1353 793 1387 cauda
811 1353 959 1392 mobilis,
985 1355 1020 1388 in
1036 1354 1101 1388 duo
1117 1353 1281 1390 filamenta
1297 1355 1415 1398 divisa;

231 1402 299 1437 haec
316 1404 405 1450 apice
427 1401 491 1436 fiss‘a
509 1414 571 1450 pro
596 1401 701 1436 lubitu
722 1402 844 1436 vermis
870 1403 923 1436 vel
945 1404 978 1436 in
1004 1415 1108 1437 unum
1133 1403 1337 1449 junguntur,
1363 1405 1418 1439 vel

233 1451 425 1495 divergunt,
452 1464 633 1497 eorumque
652 1463 717 1496 ope
734 1449 871 1496 obchiis
894 1451 1045 1486 adhaeret.
1099 1454 1273 1499 Organum
1296 1464 1416 1488 rotato·

233 1501 320 1534 rium
337 1500 470 1547 duplex.
525 1500 643 1533 Sordes
662 1499 853 1545 frequenter
871 1512 1103 1534 excernuntur.

332 1566 424 1598 Dum
442 1563 531 1598 hunc
547 1562 783 1601 describerem,
811 1562 918 1610 pistor
934 1562 1056 1602 abfuit,
1084 1564 1338 1600 delineationem
1363 1566 1417 1601 de—

233 1613 311 1648 hinc
329 1625 443 1647 curare
461 1614 570 1646 minus
588 1613 692 1660 potui.
742 1612 815 1646 Post
829 1612 941 1660 plures
961 1625 1063 1647 annos
1080 1613 1315 1650 Brachionum
1339 1615 1418 1652 Tri·

225 1663 312 1711 podi
326 1661 413 1697 haud
430 1660 614 1695 diffimilem
631 1661 692 1695 tab.
710 1664 823 1696 XLIX.
846 1660 901 1706 fig.
916 1673 941 1706 4
958 1661 991 1696 &
1003 1673 1037 1707 5.
1057 1662 1191 1709 quidem
1218 1665 1314 1711 pingi
1327 1676 1416 1698 cura-

233 1713 285 1749 vi,
313 1709 432 1759 pistori
451 1723 530 1744 vero
553 1709 691 1758 elapsam
708 1708 978 1759 descriptionem,
1002 1710 1260 1759 uberioremque
1278 1711 1417 1761 descrip-

234 1762 359 1794 tionem
382 1758 569 1794 frustratum
589 1757 650 1793 effe
671 1759 777 1794 doleo.
831 1758 943 1794 Postea
963 1770 1118 1794 neutrum
1141 1762 1288 1809 reperire
1315 1763 1419 1796 conti-

234 1811 298 1854 git,
328 1809 426 1855 hujus
444 1807 562 1842 dehinc
586 1807 838 1856 descriptionem
864 1821 881 1842 e
899 1807 1021 1854 figura,
1048 1809 1136 1844 illius
1158 1808 1299 1855 figuram
1324 1822 1341 1845 e
1364 1810 1418 1845 de-

235 1857 411 1906 scriptione
433 1856 560 1903 fingere
576 1856 666 1891 nefas
690 1858 831 1896 ducens,
859 1869 1032 1904 utramque
1056 1856 1114 1894 suo
1137 1860 1316 1909 archetypo
1339 1871 1418 1895 con-

236 1907 409 1942 ciliandam
428 1904 547 1941 futuris
566 1907 805 1955 micrographis
821 1906 1028 1944 commendo,

336 1973 376 2007 In
394 1983 473 2019 aqua
490 1970 625 2022 palustri
642 1983 726 2007 raro.

776 2055 806 2089 X
824 2066 845 2089 x
870 2065 889 2090 2
1291 2056 1365 2103 Fig.
