1948 2679
479 248 523 281 :¹10
886 240 1153 276 PROTEUS.

623 349 722 391 Rom..
739 346 802 393 irgfi
819 357 849 391 3.
871 358 906 394 p.
924 349 1152 391 621—623.
1175 356 1197 380 t.
1221 356 1302 382 101.
1320 344 1345 381 f.
1360 349 1446 381 A—
1463 349 1508 381 Τ.

530 452 775 486 Animalculum
791 448 1093 496 singularissimum,
1123 463 1213 484 mera
1227 462 1349 499 nempe
1369 449 1464 485 massa
1482 448 1624 489 mucosa,

423 499 538 546 grisea,
566 500 711 546 globulis
734 499 916 545 majoribus
934 499 966 533 ὅ(
994 499 1181 533 minoribus
1206 500 1445 544 nigricantibus
1468 500 1621 546 impleta,

424 552 514 584 varie
528 551 613 584 intra
629 549 803 584 dimidium
834 550 954 583 minuti
970 549 1131 596 temporis
1147 548 1337 590 dilatabilis;
1366 550 1518 583 materies
1532 550 1622 582 enim

423 599 617 644 gelatinosa‚
653 598 828 647 pellucida,
856 597 978 645 absque
1005 609 1096 632 certo
1126 597 1244 632 ordine
1273 611 1312 632 ex
1334 599 1440 645 aliqua
1464 599 1621 643 marginis

423 660 534 696 parte,
560 647 693 697 semper
709 646 853 686 diversa,
882 645 1002 681 diffluit
1022 648 1057 681 in
1083 659 1187 680 unum
1215 659 1271 682 aut
1295 649 1407 695 plures
1434 647 1539 682 nodos
1569 658 1623 680 aut

423 699 569 731 ramulos
586 696 720 732 diversae
741 696 959 742 longitudinis
978 696 1009 731 ἃ
1027 695 1236 735 direffionis,
1261 697 1388 742 globuli
1407 710 1484 731 mox
1507 698 1542 730 in
1564 709 1622 730 no-

421 759 497 780 vam
517 748 666 794 corporis
679 758 807 794 partem
827 746 1061 787 divolvuntur;
1087 746 1156 780 haec
1174 746 1327 781 dilatatur
1347 759 1382 780 ac
1414 745 1524 780 rursus
1553 758 1620 794 pas-

419 794 479 829 sim
507 808 525 829 e
551 798 702 842 margine
738 793 972 843 propullascit‚
997 793 1248 843 insequentibus
1273 800 1432 831 continuo
1461 795 1623 842 globulis,

421 846 456 879 in
474 858 596 880 novam
617 846 803 880 animalculi
831 842 985 881 formam,

524 909 784 945 Diversiffimum
801 923 817 943 a
833 908 928 943 massa
954 910 1165 944 vermiculari
1193 910 1406 944 millenorum
1436 908 1536 945 Vihr.
1562 921 1623 945 un-

421 960 527 1003 dulce²
553 972 571 993 e
598 960 717 1004 majori
737 961 773 992 in
805 959 944 992 alterum
968 959 1059 997 latus,
1086 960 1346 992 vermiculorum
1369 958 1541 997 confluxu,
1569 957 1624 992 seu

422 1009 577 1043 dilatione
595 1006 699 1042 massae
714 1020 755 1041 ex
782 1009 971 1042 intermixta
997 1020 1097 1054 aqua,
1124 1005 1267 1041 formum
1293 1006 1395 1041 maffae
1414 1009 1622 1044 mutantium.

420 1061 559 1092 Proteus
571 1069 727 1105 praeterea
744 1058 896 1102 margine
917 1056 1170 1096 determinatus,
1197 1055 1326 1103 suaeque
1341 1059 1533 1091 mutationis
1555 1055 1625 1107 ipsa

422 1106 513 1142 causa
544 1107 600 1144 est.

526 1176 635 1215 Quem
662 1171 726 1207 div.
745 1173 901 1205 WAGm-:R
925 1171 1118 1209 Brunsvici,
1145 1182 1209 1216 ego
1232 1171 1394 1215 Havniae,
1421 1173 1623 1219 reperimus,

421 1223 589 1258 multoties
606 1224 717 1256 minor
736 1224 887 1255 ROEsELu
905 1220 970 1260 est,
998 1219 1092 1254 nudo
1119 1221 1209 1254 enim
1234 1220 1330 1254 oculo
1355 1219 1491 1267 prorsus
1515 1219 1624 1254 invisi-

421 1272 515 1313 bilis,
544 1271 632 1307 forte
651 1272 775 1318 junior.

522 1334 731 1381 Rariffimus,
756 1333 856 1369 semel
882 1335 972 1368 enim
989 1345 1044 1368 ant
1058 1333 1110 1368 bis
1126 1345 1254 1369 tantum
1280 1336 1315 1369 in
1335 1346 1423 1368 tanta
1446 1332 1620 1369 infusorio-

421 1399 495 1421 rum
516 1385 725 1431 indagatione
751 1385 834 1418 mihi
851 1384 997 1419 obvenit.
1053 1385 1177 1418 Nullus
1199 1385 1235 1418 in
1260 1385 1325 1419 hoc
1348 1383 1530 1430 figurarum
1553 1384 1622 1417 suc·

421 1434 558 1471 cessivus
576 1434 679 1474 ordo,
707 1434 810 1481 qualis
825 1434 860 1467 in
879 1431 1047 1480 sequente.

522 1503 562 1535 In
581 1512 662 1547 aqua
683 1498 825 1548 palustri.

570 1605 643 1651 Fig.
672 1617 745 1640 1—
770 1615 827 1640 12,
863 1601 954 1636 austa
974 1602 1069 1637 valde
1092 1602 1321 1648 magnitudine
1347 1602 1514 1639 Proteum
1532 1601 1622 1636 hunc

744 1650 963 1685 diversimode
988 1655 1025 1686 in
1053 1655 1161 1686 nodos
1188 1652 1218 1686 «Sc
1244 1652 1390 1686 ramulos
1418 1651 1621 1698 diffluentem

745 1700 880 1735 ostendii
886 1714 906 1734 n
910 1712 930 1736 t.

729 1843 798 1877 12.
833 1832 1095 1875 PROTEUS
1128 1845 1299 1875 ΤΕΝΑΧ.

512 1947 722 1989 PROTEus
774 1946 816 1988 in
838 1943 1038 1999 spiculum
1065 1943 1264 1986 diffluens.
1323 1942 1419 1985 Tab.
1444 1943 1498 1986 II.
1532 1943 1617 1998 Fig.

423 2013 442 2045 Ι
495 2025 548 2033 --
572 2013 588 2045 1
629 2032 639 2045 .

455 2014 475 2058 3
599 2005 624 2053 8
1432 2069 1563 2116 Corpus
