1948 2679
667 248 1034 294 PRAEFATIO.
1340 266 1393 300 111

397 359 501 404 Haec
517 361 694 402 maxime
719 360 929 416 fingularia
957 361 1195 405 naturalium
1222 364 1458 419 indagatori-

268 439 366 493 bus,
410 439 558 496 quibus
582 439 714 480 omnis
739 451 854 491 aetaS‚
888 442 1112 494 praeprimis
1133 441 1285 493 nostra,
1318 443 1456 496 gloria-

269 532 361 570 tur,
405 516 613 571 negleSta,
655 528 838 558 naturam
869 519 1047 559 intimius
1071 517 1333 560 scrutantibus
1356 519 1454 561 mul-

269 609 356 638 tum
378 597 528 650 negotii
544 593 727 636 facessere
744 594 786 636 8<
803 593 936 635 adhuc
963 593 1127 639 faciunt.
1191 597 1355 638 Plurimi
1374 611 1455 639 me-

266 675 319 716 ris
339 686 482 715 eorum
502 671 747 725 imaginibus
768 671 977 725 stupuere,
1010 672 1194 714 nonnulli
1213 687 1356 715 eorum
1372 674 1455 715 obi-

264 762 324 793 ter
341 750 587 800 meminere,
620 747 687 789 vel
702 747 968 805 absquejusta
994 749 1259 804 descriptione
1291 750 1451 806 speciei,

263 828 314 870 de
337 841 416 884 qua
433 828 561 869 sermo
581 825 693 878 esset,
727 838 831 879 vage
848 825 1080 879 disseruere,
1113 830 1229 882 pauci
1246 828 1344 870 ultra
1362 842 1453 883 pro-

261 905 380 960 greffi
394 907 434 946 in
453 902 629 946 obscurae
651 905 920 957 generationis
935 904 1202 958 explicatione
1222 908 1330 948 varie
1345 906 1452 948 desu-

263 982 409 1022 darunt
429 1011 440 1030 ,
490 993 634 1020 omnes
667 992 689 1020 a
716 979 1073 1022 LEEUWENHOEK
1114 982 1164 1022 ad
1193 983 1450 1024 clariffimum

262 1054 589 1098 SPALLANZANJ
605 1065 758 1108 usque,
792 1052 953 1094 seculari
969 1055 1196 1107 intervallo,
1230 1057 1280 1098 de
1299 1058 1451 1101 distinc-

260 1144 298 1176 ta
325 1130 549 1187 specierum
583 1129 918 1172 determinatione
941 1132 1138 1174 incuriosi.
1230 1135 1362 1186 Hinc,
1411 1136 1451 1177 li-

261 1222 325 1253 cet
347 1208 472 1251 multa
502 1207 668 1264 quidem
701 1206 751 1248 de
778 1207 1092 1263 microscopicis,
1142 1209 1385 1265 spermaticis
1407 1212 1450 1255 δε

261 1286 456 1330 infusoriis
473 1284 645 1327 bestiolis
666 1284 917 1339 disceptarint
931 1285 1133 1338 auctores,
1168 1289 1223 1330 ob
1241 1289 1450 1332 obscuram

260 1364 325 1407 vel
353 1363 454 1418 saepe
481 1362 632 1404 nullam
657 1361 879 1416 specierum
911 1362 1218 1418 destriptionem
1249 1381 1334 1409 non
1358 1381 1448 1410 raro

259 1443 480 1496 ignoratur,
499 1439 549 1481 de
566 1440 716 1496 quibus
731 1441 771 1480 in
793 1452 900 1481 tanto
915 1440 1152 1499 diversoque
1169 1457 1341 1486 numero
1362 1458 1449 1499 aga-

260 1531 337 1562 tur.
418 1518 474 1560 Ita
499 1531 593 1559 cum
625 1529 764 1558 natura
789 1516 964 1559 humana
988 1532 1270 1574 comparatum
1297 1523 1372 1573 est,
1404 1534 1450 1564 ut

259 1599 433 1639 rationes
453 1595 819 1649 phaenomenorum
838 1596 1038 1648 explicare
1055 1596 1289 1650 fimagemus,
1308 1612 1448 1641 veram

259 1670 484 1714 eorundem
517 1671 557 1710 &
585 1670 809 1711 distinctam
839 1672 1020 1711 notitiam
1047 1674 1253 1726 acquirere
1279 1673 1448 1730 superse-

259 1749 418 1798 dentes;
460 1744 610 1787 facilius
635 1747 743 1788 enim
771 1748 904 1788 mirari
933 1746 976 1789 8<
1001 1753 1286 1803 commentari,
1322 1767 1448 1809 quam

258 1839 353 1868 vera
381 1823 613 1878 dignoscere
642 1824 683 1866 8<
708 1824 886 1866 definire.
953 1825 1111 1868 Illustris
1146 1828 1266 1872 H1LL
1298 1840 1352 1885 33
1382 1831 1446 1873 ab·

824 1902 851 1944 b
887 1912 912 1945 2
1285 1908 1380 1951 hinc

347 2040 375 2070 in
402 2039 461 2080 hist.
489 2049 566 2069 verm
603 2047 722 2078 quoque
754 2049 783 2078 p.
817 2049 845 2079 4.
875 2039 998 2079 expresse
1023 2041 1080 2072 dixi
1089 2065 1097 2079 ‚
1121 2050 1198 2074 extra
1222 2044 1372 2077 infusiones
1397 2046 1443 2079 stu

346 2101 432 2130 aquas
453 2092 545 2121 minus
560 2101 661 2132 puras,
682 2092 713 2121 in
728 2091 801 2122 liceo
815 2093 1002 2132 reperiuntur.
