1948 2679
677 230 1027 268 LEUCOPHRA.
1307 236 1379 279 14?

459 341 558 385 155.
592 331 936 376 LEUCOPHRA
969 345 1221 376 nitu-Am.

313 440 587 482 LEUCOPHRA
615 442 888 494 complanata,
922 420 1140 494 mutabilis,
1176 442 1425 496 marginibus

252 495 421 537 sinuatis.
492 495 585 535 Tab.
605 495 715 537 XXI.
734 497 815 551 Fig.
844 505 1025 549 19—21.
1255 505 1258 508 ·
1374 507 1379 512 -
1414 517 1419 520 .

351 601 448 651 ΚοΙρ,
473 602 720 652 Meleagridem
735 604 935 650 aliquantum
962 602 1080 644 refert,
1107 615 1138 638 at
1157 603 1327 639 substantia
1354 617 1423 640 mo-

251 651 414 692 lecularis,
454 650 709 698 membrumque
735 664 795 686 nec
827 654 977 701 plicatilis
999 653 1143 692 dentata,
1171 665 1337 692 uncinata,
1367 665 1425 688 nec

250 700 390 745 globulis
412 700 582 748 pellucidis
604 698 757 748 inscripta
772 725 780 740 ,
827 703 972 749 ciliisque
995 700 1171 736 manifestis
1196 703 1275 736 alius
1296 705 1426 748 generis

250 749 302 785 est.

354 812 549 847 Membrana
564 811 738 856 gelatinosa
760 813 928 848 moleculis
944 812 1056 860 griseis
1079 816 1112 848 in
1139 816 1241 848 antica
1265 826 1355 862 parte
1380 827 1427 848 ra-

250 864 310 901 ris,
336 863 369 895 in
386 861 505 908 postica
521 858 678 894 confertis
690 886 698 900 ,
722 860 848 895 dilatata
866 875 899 896 ac
917 865 951 896 in
966 864 1215 908 triangularem,
1242 865 1424 908 elongatam

249 911 281 944 ἀ
303 909 488 944 ventrosam
511 906 653 942 formam
677 910 858 952 mutabilis3
895 923 1010 956 margo
1032 914 1121 945 varie
1145 911 1304 950 sinuatus,
1332 911 1424 945 undi-

249 971 313 1005 que
344 959 424 992 ciliis
443 955 634 991 brevissimis
658 956 792 994 cingius.

349 1019 525 1054 Gliscendo
542 1020 796 1056 Plarmriarum
813 1022 949 1055 adinstar
963 1022 1094 1058 incedit.

348 1086 387 1117 In
411 1094 491 1128 aqua
515 1083 654 1120 marina,
699 1082 757 1116 nifi
779 1095 831 1118 me
854 1086 1014 1119 memoria
1039 1083 1143 1124 fallat,
1174 1083 1313 1119 fluidum
1338 1087 1426 1120 enim

248 1145 327 1168 mox
348 1143 461 1166 notare
477 1131 652 1179 impeditus
668 1128 727 1166 fui.

348 1236 420 1280 Fig.
435 1246 490 1282 19.
503 1246 549 1271 20
560 1234 591 1269 ὅ(
602 1246 621 1270 2
630 1247 659 1269 1.
684 1234 785 1270 Leuc.
801 1235 1005 1273 Dilatatam
1017 1261 1025 1276 ‚
1049 1237 1139 1271 vario
1151 1236 1220 1278 firu,
1240 1237 1427 1285 ampliatam

671 1283 836 1320 exhibent.

671 1340 697 1368 ετ.
723 1345 798 1380 pars
815 1335 926 1368 antica.
979 1333 1010 1372 b,
1039 1333 1168 1382 postica,

423 1503 509 1557 156
556 1502 903 1545 LEUCOPHRA
945 1516 1256 1545 sctNTtLLANS.

312 1609 589 1652 LEUCOPHRA
606 1611 749 1661 ovans,
782 1623 903 1662 teres,
936 1623 1082 1665 opaea,
1114 1610 1261 1653 viridis.
1330 1612 1428 1654 Tab.

229 1666 380 1726 XXII.
402 1666 483 1720 Fig.
507 1676 543 1707 Ι.

352 1774 442 1807 Inter
461 1774 616 1806 maximas
641 1784 865 1818 congenetum
887 1770 1108 1807 invisibilium.

352 1839 391 1870 In
408 1834 529 1871 inceffu
549 1834 718 1871 festinante
736 1837 822 1870 nulla
846 1837 1012 1871 interanea
1038 1835 1301 1885 conspiciuntur,
1329 1833 1426 1884 postiss

251 1897 286 1920 ce
304 1884 408 1919 solum
439 1886 524 1919 linea
539 1886 784 1929 longitudmalis
798 1885 951 1933 pellucet.
1004 1888 1119 1920 Amica
1138 1899 1212 1932 pars
1227 1885 1312 1933 quati
1336 1888 1370 1920 in
1384 1887 1427 1920 la-

251 1935 304 1969 bia
321 1934 385 1969 duo
409 1932 553 1982 depressa
576 1934 720 1973 videtur,
749 1935 827 1968 dum
854 1934 953 1980 pleno
976 1946 1065 1980 aquae
1089 1936 1236 1974 vehitur,
1259 1934 1429 1970 deficiente

256 1995 335 2018 vero
353 1995 434 2030 aqua
453 1995 573 2032 eorpus
585 1982 716 2030 punffls
729 1982 900 2032 pellucidis
922 1994 1014 2018 mom
1037 1981 1094 2017 suo
1116 1985 1151 2018 in
1175 1996 1274 2031 opaca
1296 1985 1430 2065 :Fateris

840 2034 872 2066 T
889 2043 908 2068 2
1312 2033 1376 2066 cin-
